%YAML 1.1
%TAG !u! tag:unity3d.com,2011:
--- !u!29 &1
OcclusionCullingSettings:
  m_ObjectHideFlags: 0
  serializedVersion: 2
  m_OcclusionBakeSettings:
    smallestOccluder: 5
    smallestHole: 0.25
    backfaceThreshold: 100
  m_SceneGUID: 00000000000000000000000000000000
  m_OcclusionCullingData: {fileID: 0}
--- !u!104 &2
RenderSettings:
  m_ObjectHideFlags: 0
  serializedVersion: 9
  m_Fog: 0
  m_FogColor: {r: 0.5, g: 0.5, b: 0.5, a: 1}
  m_FogMode: 3
  m_FogDensity: 0.01
  m_LinearFogStart: 0
  m_LinearFogEnd: 300
  m_AmbientSkyColor: {r: 0.212, g: 0.227, b: 0.259, a: 1}
  m_AmbientEquatorColor: {r: 0.114, g: 0.125, b: 0.133, a: 1}
  m_AmbientGroundColor: {r: 0.047, g: 0.043, b: 0.035, a: 1}
  m_AmbientIntensity: 1
  m_AmbientMode: 3
  m_SubtractiveShadowColor: {r: 0.42, g: 0.478, b: 0.627, a: 1}
  m_SkyboxMaterial: {fileID: 0}
  m_HaloStrength: 0.5
  m_FlareStrength: 1
  m_FlareFadeSpeed: 3
  m_HaloTexture: {fileID: 0}
  m_SpotCookie: {fileID: 10001, guid: 0000000000000000e000000000000000, type: 0}
  m_DefaultReflectionMode: 0
  m_DefaultReflectionResolution: 128
  m_ReflectionBounces: 1
  m_ReflectionIntensity: 1
  m_CustomReflection: {fileID: 0}
  m_Sun: {fileID: 0}
  m_IndirectSpecularColor: {r: 0, g: 0, b: 0, a: 1}
  m_UseRadianceAmbientProbe: 0
--- !u!157 &3
LightmapSettings:
  m_ObjectHideFlags: 0
  serializedVersion: 12
  m_GIWorkflowMode: 1
  m_GISettings:
    serializedVersion: 2
    m_BounceScale: 1
    m_IndirectOutputScale: 1
    m_AlbedoBoost: 1
    m_EnvironmentLightingMode: 0
    m_EnableBakedLightmaps: 0
    m_EnableRealtimeLightmaps: 0
  m_LightmapEditorSettings:
    serializedVersion: 12
    m_Resolution: 2
    m_BakeResolution: 40
    m_AtlasSize: 1024
    m_AO: 0
    m_AOMaxDistance: 1
    m_CompAOExponent: 1
    m_CompAOExponentDirect: 0
    m_ExtractAmbientOcclusion: 0
    m_Padding: 2
    m_LightmapParameters: {fileID: 0}
    m_LightmapsBakeMode: 1
    m_TextureCompression: 1
    m_FinalGather: 0
    m_FinalGatherFiltering: 1
    m_FinalGatherRayCount: 256
    m_ReflectionCompression: 2
    m_MixedBakeMode: 2
    m_BakeBackend: 1
    m_PVRSampling: 1
    m_PVRDirectSampleCount: 32
    m_PVRSampleCount: 512
    m_PVRBounces: 2
    m_PVREnvironmentSampleCount: 256
    m_PVREnvironmentReferencePointCount: 2048
    m_PVRFilteringMode: 1
    m_PVRDenoiserTypeDirect: 1
    m_PVRDenoiserTypeIndirect: 1
    m_PVRDenoiserTypeAO: 1
    m_PVRFilterTypeDirect: 0
    m_PVRFilterTypeIndirect: 0
    m_PVRFilterTypeAO: 0
    m_PVREnvironmentMIS: 1
    m_PVRCulling: 1
    m_PVRFilteringGaussRadiusDirect: 1
    m_PVRFilteringGaussRadiusIndirect: 5
    m_PVRFilteringGaussRadiusAO: 2
    m_PVRFilteringAtrousPositionSigmaDirect: 0.5
    m_PVRFilteringAtrousPositionSigmaIndirect: 2
    m_PVRFilteringAtrousPositionSigmaAO: 1
    m_ExportTrainingData: 0
    m_TrainingDataDestination: TrainingData
    m_LightProbeSampleCountMultiplier: 4
  m_LightingDataAsset: {fileID: 0}
  m_LightingSettings: {fileID: 0}
--- !u!196 &4
NavMeshSettings:
  serializedVersion: 2
  m_ObjectHideFlags: 0
  m_BuildSettings:
    serializedVersion: 2
    agentTypeID: 0
    agentRadius: 0.5
    agentHeight: 2
    agentSlope: 45
    agentClimb: 0.4
    ledgeDropHeight: 0
    maxJumpAcrossDistance: 0
    minRegionArea: 2
    manualCellSize: 0
    cellSize: 0.16666667
    manualTileSize: 0
    tileSize: 256
    accuratePlacement: 0
    maxJobWorkers: 0
    preserveTilesOutsideBounds: 0
    debug:
      m_Flags: 0
  m_NavMeshData: {fileID: 0}
--- !u!1 &14717984
GameObject:
  m_ObjectHideFlags: 0
  m_CorrespondingSourceObject: {fileID: 0}
  m_PrefabInstance: {fileID: 0}
  m_PrefabAsset: {fileID: 0}
  serializedVersion: 6
  m_Component:
  - component: {fileID: 14717985}
  - component: {fileID: 14717987}
  - component: {fileID: 14717986}
  m_Layer: 13
  m_Name: klada
  m_TagString: Untagged
  m_Icon: {fileID: 0}
  m_NavMeshLayer: 0
  m_StaticEditorFlags: 0
  m_IsActive: 1
--- !u!4 &14717985
Transform:
  m_ObjectHideFlags: 0
  m_CorrespondingSourceObject: {fileID: 0}
  m_PrefabInstance: {fileID: 0}
  m_PrefabAsset: {fileID: 0}
  m_GameObject: {fileID: 14717984}
  m_LocalRotation: {x: -0, y: -0, z: -0, w: 1}
  m_LocalPosition: {x: -0.85, y: -2.76, z: 157.5863}
  m_LocalScale: {x: 2.063314, y: 0.7475143, z: 1}
  m_Children: []
  m_Father: {fileID: 1529578250}
  m_RootOrder: 0
  m_LocalEulerAnglesHint: {x: 0, y: 0, z: 0}
--- !u!61 &14717986
BoxCollider2D:
  m_ObjectHideFlags: 0
  m_CorrespondingSourceObject: {fileID: 0}
  m_PrefabInstance: {fileID: 0}
  m_PrefabAsset: {fileID: 0}
  m_GameObject: {fileID: 14717984}
  m_Enabled: 1
  m_Density: 1
  m_Material: {fileID: 0}
  m_IsTrigger: 0
  m_UsedByEffector: 0
  m_UsedByComposite: 0
  m_Offset: {x: 0, y: -1.1667768}
  m_SpriteTilingProperty:
    border: {x: 0, y: 0, z: 0, w: 0}
    pivot: {x: 0.5, y: 0.5}
    oldSize: {x: 14.76, y: 10.64}
    newSize: {x: 14.76, y: 10.64}
    adaptiveTilingThreshold: 0.5
    drawMode: 0
    adaptiveTiling: 0
  m_AutoTiling: 0
  serializedVersion: 2
  m_Size: {x: 14.76, y: 8.306448}
  m_EdgeRadius: 0
--- !u!212 &14717987
SpriteRenderer:
  m_ObjectHideFlags: 0
  m_CorrespondingSourceObject: {fileID: 0}
  m_PrefabInstance: {fileID: 0}
  m_PrefabAsset: {fileID: 0}
  m_GameObject: {fileID: 14717984}
  m_Enabled: 1
  m_CastShadows: 0
  m_ReceiveShadows: 0
  m_DynamicOccludee: 1
  m_MotionVectors: 1
  m_LightProbeUsage: 1
  m_ReflectionProbeUsage: 1
  m_RayTracingMode: 0
  m_RayTraceProcedural: 0
  m_RenderingLayerMask: 1
  m_RendererPriority: 0
  m_Materials:
  - {fileID: 2100000, guid: a97c105638bdf8b4a8650670310a4cd3, type: 2}
  m_StaticBatchInfo:
    firstSubMesh: 0
    subMeshCount: 0
  m_StaticBatchRoot: {fileID: 0}
  m_ProbeAnchor: {fileID: 0}
  m_LightProbeVolumeOverride: {fileID: 0}
  m_ScaleInLightmap: 1
  m_ReceiveGI: 1
  m_PreserveUVs: 0
  m_IgnoreNormalsForChartDetection: 0
  m_ImportantGI: 0
  m_StitchLightmapSeams: 1
  m_SelectedEditorRenderState: 0
  m_MinimumChartSize: 4
  m_AutoUVMaxDistance: 0.5
  m_AutoUVMaxAngle: 89
  m_LightmapParameters: {fileID: 0}
  m_SortingLayerID: 0
  m_SortingLayer: 0
  m_SortingOrder: 0
  m_Sprite: {fileID: 21300000, guid: 52def0650b2527d47b0bf2f209437653, type: 3}
  m_Color: {r: 1, g: 1, b: 1, a: 1}
  m_FlipX: 0
  m_FlipY: 0
  m_DrawMode: 0
  m_Size: {x: 14.76, y: 10.64}
  m_AdaptiveModeThreshold: 0.5
  m_SpriteTileMode: 0
  m_WasSpriteAssigned: 1
  m_MaskInteraction: 0
  m_SpriteSortPoint: 0
--- !u!1 &39917620
GameObject:
  m_ObjectHideFlags: 0
  m_CorrespondingSourceObject: {fileID: 0}
  m_PrefabInstance: {fileID: 0}
  m_PrefabAsset: {fileID: 0}
  serializedVersion: 6
  m_Component:
  - component: {fileID: 39917621}
  m_Layer: 0
  m_Name: bone_6
  m_TagString: Untagged
  m_Icon: {fileID: 0}
  m_NavMeshLayer: 0
  m_StaticEditorFlags: 0
  m_IsActive: 1
--- !u!4 &39917621
Transform:
  m_ObjectHideFlags: 0
  m_CorrespondingSourceObject: {fileID: 0}
  m_PrefabInstance: {fileID: 0}
  m_PrefabAsset: {fileID: 0}
  m_GameObject: {fileID: 39917620}
  m_LocalRotation: {x: -0, y: -0, z: 0.99836254, w: 0.057204034}
  m_LocalPosition: {x: 0.14661348, y: 0.09181978, z: 0}
  m_LocalScale: {x: 1, y: 1, z: 1}
  m_Children:
  - {fileID: 1898134967}
  m_Father: {fileID: 531418077}
  m_RootOrder: 1
  m_LocalEulerAnglesHint: {x: 0, y: 0, z: 173.441}
--- !u!1 &118822145
GameObject:
  m_ObjectHideFlags: 0
  m_CorrespondingSourceObject: {fileID: 0}
  m_PrefabInstance: {fileID: 0}
  m_PrefabAsset: {fileID: 0}
  serializedVersion: 6
  m_Component:
  - component: {fileID: 118822146}
  m_Layer: 0
  m_Name: bone_11
  m_TagString: Untagged
  m_Icon: {fileID: 0}
  m_NavMeshLayer: 0
  m_StaticEditorFlags: 0
  m_IsActive: 1
--- !u!4 &118822146
Transform:
  m_ObjectHideFlags: 0
  m_CorrespondingSourceObject: {fileID: 0}
  m_PrefabInstance: {fileID: 0}
  m_PrefabAsset: {fileID: 0}
  m_GameObject: {fileID: 118822145}
  m_LocalRotation: {x: -0, y: -0, z: -0.087028414, w: 0.9962058}
  m_LocalPosition: {x: 0.90744156, y: 0.02359283, z: 0}
  m_LocalScale: {x: 1, y: 1, z: 1}
  m_Children:
  - {fileID: 1187637742}
  m_Father: {fileID: 1984066223}
  m_RootOrder: 0
  m_LocalEulerAnglesHint: {x: 0, y: 0, z: -9.985}
--- !u!1 &124130320
GameObject:
  m_ObjectHideFlags: 0
  m_CorrespondingSourceObject: {fileID: 0}
  m_PrefabInstance: {fileID: 0}
  m_PrefabAsset: {fileID: 0}
  serializedVersion: 6
  m_Component:
  - component: {fileID: 124130322}
  - component: {fileID: 124130321}
  m_Layer: 0
  m_Name: les01
  m_TagString: Background
  m_Icon: {fileID: 0}
  m_NavMeshLayer: 0
  m_StaticEditorFlags: 0
  m_IsActive: 0
--- !u!212 &124130321
SpriteRenderer:
  m_ObjectHideFlags: 0
  m_CorrespondingSourceObject: {fileID: 0}
  m_PrefabInstance: {fileID: 0}
  m_PrefabAsset: {fileID: 0}
  m_GameObject: {fileID: 124130320}
  m_Enabled: 1
  m_CastShadows: 0
  m_ReceiveShadows: 0
  m_DynamicOccludee: 1
  m_MotionVectors: 1
  m_LightProbeUsage: 1
  m_ReflectionProbeUsage: 1
  m_RayTracingMode: 0
  m_RayTraceProcedural: 0
  m_RenderingLayerMask: 1
  m_RendererPriority: 0
  m_Materials:
  - {fileID: 2100000, guid: a97c105638bdf8b4a8650670310a4cd3, type: 2}
  m_StaticBatchInfo:
    firstSubMesh: 0
    subMeshCount: 0
  m_StaticBatchRoot: {fileID: 0}
  m_ProbeAnchor: {fileID: 0}
  m_LightProbeVolumeOverride: {fileID: 0}
  m_ScaleInLightmap: 1
  m_ReceiveGI: 1
  m_PreserveUVs: 0
  m_IgnoreNormalsForChartDetection: 0
  m_ImportantGI: 0
  m_StitchLightmapSeams: 1
  m_SelectedEditorRenderState: 0
  m_MinimumChartSize: 4
  m_AutoUVMaxDistance: 0.5
  m_AutoUVMaxAngle: 89
  m_LightmapParameters: {fileID: 0}
  m_SortingLayerID: 0
  m_SortingLayer: 0
  m_SortingOrder: 0
  m_Sprite: {fileID: 21300000, guid: 20e321aa64d308c458b528213d6f8308, type: 3}
  m_Color: {r: 1, g: 1, b: 1, a: 1}
  m_FlipX: 0
  m_FlipY: 0
  m_DrawMode: 0
  m_Size: {x: 171.68861, y: 70}
  m_AdaptiveModeThreshold: 0.5
  m_SpriteTileMode: 0
  m_WasSpriteAssigned: 1
  m_MaskInteraction: 0
  m_SpriteSortPoint: 0
--- !u!4 &124130322
Transform:
  m_ObjectHideFlags: 0
  m_CorrespondingSourceObject: {fileID: 0}
  m_PrefabInstance: {fileID: 0}
  m_PrefabAsset: {fileID: 0}
  m_GameObject: {fileID: 124130320}
  m_LocalRotation: {x: 0, y: 0, z: 0, w: 1}
  m_LocalPosition: {x: 16, y: 4.1, z: 0}
  m_LocalScale: {x: 0.5555483, y: 0.5555483, z: 0.5555483}
  m_Children: []
  m_Father: {fileID: 0}
  m_RootOrder: 11
  m_LocalEulerAnglesHint: {x: 0, y: 0, z: 0}
--- !u!1 &170224888
GameObject:
  m_ObjectHideFlags: 0
  m_CorrespondingSourceObject: {fileID: 0}
  m_PrefabInstance: {fileID: 0}
  m_PrefabAsset: {fileID: 0}
  serializedVersion: 6
  m_Component:
  - component: {fileID: 170224892}
  - component: {fileID: 170224891}
  - component: {fileID: 170224890}
  - component: {fileID: 170224889}
  - component: {fileID: 170224893}
  m_Layer: 0
  m_Name: character_sliced
  m_TagString: Untagged
  m_Icon: {fileID: 0}
  m_NavMeshLayer: 0
  m_StaticEditorFlags: 0
  m_IsActive: 0
--- !u!114 &170224889
MonoBehaviour:
  m_ObjectHideFlags: 0
  m_CorrespondingSourceObject: {fileID: 0}
  m_PrefabInstance: {fileID: 0}
  m_PrefabAsset: {fileID: 0}
  m_GameObject: {fileID: 170224888}
  m_Enabled: 1
  m_EditorHideFlags: 0
  m_Script: {fileID: 11500000, guid: 57c008f954fe54a8bb972de1018a2cb8, type: 3}
  m_Name: 
  m_EditorClassIdentifier: 
  m_RootBone: {fileID: 1539624691}
  m_BoneTransforms:
  - {fileID: 1539624691}
  - {fileID: 1171723088}
  - {fileID: 531418077}
  - {fileID: 1161033627}
  - {fileID: 316459171}
  - {fileID: 39917621}
  - {fileID: 1898134967}
  - {fileID: 1268513530}
  - {fileID: 1059038457}
  - {fileID: 1984066223}
  - {fileID: 118822146}
  - {fileID: 465115103}
  - {fileID: 733911144}
  - {fileID: 1187637742}
  - {fileID: 2025621520}
  - {fileID: 2064087351}
  - {fileID: 489588451}
  m_Bounds:
    m_Center: {x: -0.18390995, y: 0.23792434, z: 0}
    m_Extent: {x: 0.8648761, y: 2.9353948, z: 0}
  m_UseBatching: 1
  m_AlwaysUpdate: 1
--- !u!114 &170224890
MonoBehaviour:
  m_ObjectHideFlags: 0
  m_CorrespondingSourceObject: {fileID: 0}
  m_PrefabInstance: {fileID: 0}
  m_PrefabAsset: {fileID: 0}
  m_GameObject: {fileID: 170224888}
  m_Enabled: 1
  m_EditorHideFlags: 0
  m_Script: {fileID: 11500000, guid: afb6404781555c04b94d057ffb3676d5, type: 3}
  m_Name: 
  m_EditorClassIdentifier: 
--- !u!212 &170224891
SpriteRenderer:
  m_ObjectHideFlags: 0
  m_CorrespondingSourceObject: {fileID: 0}
  m_PrefabInstance: {fileID: 0}
  m_PrefabAsset: {fileID: 0}
  m_GameObject: {fileID: 170224888}
  m_Enabled: 1
  m_CastShadows: 0
  m_ReceiveShadows: 0
  m_DynamicOccludee: 1
  m_MotionVectors: 1
  m_LightProbeUsage: 1
  m_ReflectionProbeUsage: 1
  m_RayTracingMode: 0
  m_RayTraceProcedural: 0
  m_RenderingLayerMask: 1
  m_RendererPriority: 0
  m_Materials:
  - {fileID: 2100000, guid: a97c105638bdf8b4a8650670310a4cd3, type: 2}
  m_StaticBatchInfo:
    firstSubMesh: 0
    subMeshCount: 0
  m_StaticBatchRoot: {fileID: 0}
  m_ProbeAnchor: {fileID: 0}
  m_LightProbeVolumeOverride: {fileID: 0}
  m_ScaleInLightmap: 1
  m_ReceiveGI: 1
  m_PreserveUVs: 0
  m_IgnoreNormalsForChartDetection: 0
  m_ImportantGI: 0
  m_StitchLightmapSeams: 1
  m_SelectedEditorRenderState: 0
  m_MinimumChartSize: 4
  m_AutoUVMaxDistance: 0.5
  m_AutoUVMaxAngle: 89
  m_LightmapParameters: {fileID: 0}
  m_SortingLayerID: 0
  m_SortingLayer: 0
  m_SortingOrder: 0
  m_Sprite: {fileID: 21300000, guid: 580d755eaf86fbf4797a24e330c0cb68, type: 3}
  m_Color: {r: 1, g: 1, b: 1, a: 1}
  m_FlipX: 0
  m_FlipY: 0
  m_DrawMode: 0
  m_Size: {x: 5, y: 10}
  m_AdaptiveModeThreshold: 0.5
  m_SpriteTileMode: 0
  m_WasSpriteAssigned: 1
  m_MaskInteraction: 0
  m_SpriteSortPoint: 0
--- !u!4 &170224892
Transform:
  m_ObjectHideFlags: 0
  m_CorrespondingSourceObject: {fileID: 0}
  m_PrefabInstance: {fileID: 0}
  m_PrefabAsset: {fileID: 0}
  m_GameObject: {fileID: 170224888}
  m_LocalRotation: {x: 0, y: 0, z: 0, w: 1}
  m_LocalPosition: {x: 3.6770434, y: 0.009030819, z: 0}
  m_LocalScale: {x: 1, y: 1, z: 1}
  m_Children:
  - {fileID: 1539624691}
  - {fileID: 389875394}
  m_Father: {fileID: 0}
  m_RootOrder: 8
  m_LocalEulerAnglesHint: {x: 0, y: 0, z: 0}
--- !u!114 &170224893
MonoBehaviour:
  m_ObjectHideFlags: 0
  m_CorrespondingSourceObject: {fileID: 0}
  m_PrefabInstance: {fileID: 0}
  m_PrefabAsset: {fileID: 0}
  m_GameObject: {fileID: 170224888}
  m_Enabled: 1
  m_EditorHideFlags: 0
  m_Script: {fileID: 11500000, guid: 097b551f2844b054290f18a39bf892e9, type: 3}
  m_Name: 
  m_EditorClassIdentifier: 
  m_Solvers:
  - {fileID: 389875393}
  - {fileID: 0}
  m_Weight: 1
  m_SolverEditorData:
  - color: {r: 0, g: 1, b: 0, a: 1}
    showGizmo: 1
  - color: {r: 0, g: 1, b: 0, a: 1}
    showGizmo: 1
--- !u!1 &300180648
GameObject:
  m_ObjectHideFlags: 0
  m_CorrespondingSourceObject: {fileID: 0}
  m_PrefabInstance: {fileID: 0}
  m_PrefabAsset: {fileID: 0}
  serializedVersion: 6
  m_Component:
  - component: {fileID: 300180650}
  - component: {fileID: 300180649}
  m_Layer: 0
  m_Name: Global Light 2D
  m_TagString: Untagged
  m_Icon: {fileID: 0}
  m_NavMeshLayer: 0
  m_StaticEditorFlags: 0
  m_IsActive: 1
--- !u!114 &300180649
MonoBehaviour:
  m_ObjectHideFlags: 0
  m_CorrespondingSourceObject: {fileID: 0}
  m_PrefabInstance: {fileID: 0}
  m_PrefabAsset: {fileID: 0}
  m_GameObject: {fileID: 300180648}
  m_Enabled: 1
  m_EditorHideFlags: 0
  m_Script: {fileID: 11500000, guid: 073797afb82c5a1438f328866b10b3f0, type: 3}
  m_Name: 
  m_EditorClassIdentifier: 
  m_LightType: 4
  m_BlendStyleIndex: 0
  m_FalloffIntensity: 0.5
  m_Color: {r: 1, g: 1, b: 1, a: 1}
  m_Intensity: 1
  m_LightVolumeOpacity: 0
  m_ApplyToSortingLayers: 000000009526ce32af9b89553bf90d636d7b9374599deb964b917444ddc8b2c96f0fd969e31f5354bb6108fb
  m_LightCookieSprite: {fileID: 0}
  m_UseNormalMap: 0
  m_LightOrder: 0
  m_AlphaBlendOnOverlap: 0
  m_ShadowIntensity: 0
  m_ShadowVolumeIntensity: 0
  m_PointLightInnerAngle: 360
  m_PointLightOuterAngle: 360
  m_PointLightInnerRadius: 0
  m_PointLightOuterRadius: 1
  m_PointLightDistance: 3
  m_PointLightQuality: 1
  m_ShapeLightParametricSides: 5
  m_ShapeLightParametricAngleOffset: 0
  m_ShapeLightParametricRadius: 1
  m_ShapeLightFalloffSize: 0.5
  m_ShapeLightFalloffOffset: {x: 0, y: 0}
  m_ShapePath:
  - {x: -0.5, y: -0.5, z: 0}
  - {x: 0.5, y: -0.5, z: 0}
  - {x: 0.5, y: 0.5, z: 0}
  - {x: -0.5, y: 0.5, z: 0}
--- !u!4 &300180650
Transform:
  m_ObjectHideFlags: 0
  m_CorrespondingSourceObject: {fileID: 0}
  m_PrefabInstance: {fileID: 0}
  m_PrefabAsset: {fileID: 0}
  m_GameObject: {fileID: 300180648}
  m_LocalRotation: {x: 0, y: 0, z: 0, w: 1}
  m_LocalPosition: {x: 3.3247018, y: -5.1658077, z: 0}
  m_LocalScale: {x: 1, y: 1, z: 1}
  m_Children: []
  m_Father: {fileID: 0}
  m_RootOrder: 15
  m_LocalEulerAnglesHint: {x: 0, y: 0, z: 0}
--- !u!1 &316459170
GameObject:
  m_ObjectHideFlags: 0
  m_CorrespondingSourceObject: {fileID: 0}
  m_PrefabInstance: {fileID: 0}
  m_PrefabAsset: {fileID: 0}
  serializedVersion: 6
  m_Component:
  - component: {fileID: 316459171}
  m_Layer: 0
  m_Name: bone_5
  m_TagString: Untagged
  m_Icon: {fileID: 0}
  m_NavMeshLayer: 0
  m_StaticEditorFlags: 0
  m_IsActive: 1
--- !u!4 &316459171
Transform:
  m_ObjectHideFlags: 0
  m_CorrespondingSourceObject: {fileID: 0}
  m_PrefabInstance: {fileID: 0}
  m_PrefabAsset: {fileID: 0}
  m_GameObject: {fileID: 316459170}
  m_LocalRotation: {x: -0, y: -0, z: -0.03354905, w: 0.9994371}
  m_LocalPosition: {x: 0.7088304, y: 0.00000035040787, z: 0}
  m_LocalScale: {x: 1, y: 1, z: 1}
  m_Children: []
  m_Father: {fileID: 1161033627}
  m_RootOrder: 0
  m_LocalEulerAnglesHint: {x: 0, y: 0, z: -3.845}
--- !u!1 &318980860
GameObject:
  m_ObjectHideFlags: 0
  m_CorrespondingSourceObject: {fileID: 0}
  m_PrefabInstance: {fileID: 0}
  m_PrefabAsset: {fileID: 0}
  serializedVersion: 6
  m_Component:
  - component: {fileID: 318980862}
  - component: {fileID: 318980861}
  m_Layer: 0
  m_Name: les_popredi_1_bez_vody
  m_TagString: Foreground
  m_Icon: {fileID: 0}
  m_NavMeshLayer: 0
  m_StaticEditorFlags: 0
  m_IsActive: 0
--- !u!212 &318980861
SpriteRenderer:
  m_ObjectHideFlags: 0
  m_CorrespondingSourceObject: {fileID: 0}
  m_PrefabInstance: {fileID: 0}
  m_PrefabAsset: {fileID: 0}
  m_GameObject: {fileID: 318980860}
  m_Enabled: 1
  m_CastShadows: 0
  m_ReceiveShadows: 0
  m_DynamicOccludee: 1
  m_MotionVectors: 1
  m_LightProbeUsage: 1
  m_ReflectionProbeUsage: 1
  m_RayTracingMode: 0
  m_RayTraceProcedural: 0
  m_RenderingLayerMask: 1
  m_RendererPriority: 0
  m_Materials:
  - {fileID: 2100000, guid: a97c105638bdf8b4a8650670310a4cd3, type: 2}
  m_StaticBatchInfo:
    firstSubMesh: 0
    subMeshCount: 0
  m_StaticBatchRoot: {fileID: 0}
  m_ProbeAnchor: {fileID: 0}
  m_LightProbeVolumeOverride: {fileID: 0}
  m_ScaleInLightmap: 1
  m_ReceiveGI: 1
  m_PreserveUVs: 0
  m_IgnoreNormalsForChartDetection: 0
  m_ImportantGI: 0
  m_StitchLightmapSeams: 1
  m_SelectedEditorRenderState: 0
  m_MinimumChartSize: 4
  m_AutoUVMaxDistance: 0.5
  m_AutoUVMaxAngle: 89
  m_LightmapParameters: {fileID: 0}
  m_SortingLayerID: -83336773
  m_SortingLayer: 10
  m_SortingOrder: 0
  m_Sprite: {fileID: 21300000, guid: c68962e509303884889429b784473da0, type: 3}
  m_Color: {r: 1, g: 1, b: 1, a: 1}
  m_FlipX: 0
  m_FlipY: 0
  m_DrawMode: 0
  m_Size: {x: 171.62012, y: 90}
  m_AdaptiveModeThreshold: 0.5
  m_SpriteTileMode: 0
  m_WasSpriteAssigned: 1
  m_MaskInteraction: 0
  m_SpriteSortPoint: 0
--- !u!4 &318980862
Transform:
  m_ObjectHideFlags: 0
  m_CorrespondingSourceObject: {fileID: 0}
  m_PrefabInstance: {fileID: 0}
  m_PrefabAsset: {fileID: 0}
  m_GameObject: {fileID: 318980860}
  m_LocalRotation: {x: 0, y: 0, z: 0, w: 1}
  m_LocalPosition: {x: 14, y: 1.6, z: 0}
  m_LocalScale: {x: 0.3737206, y: 0.3737206, z: 0.3737206}
  m_Children: []
  m_Father: {fileID: 0}
  m_RootOrder: 9
  m_LocalEulerAnglesHint: {x: 0, y: 0, z: 0}
--- !u!1 &389875392
GameObject:
  m_ObjectHideFlags: 0
  m_CorrespondingSourceObject: {fileID: 0}
  m_PrefabInstance: {fileID: 0}
  m_PrefabAsset: {fileID: 0}
  serializedVersion: 6
  m_Component:
  - component: {fileID: 389875394}
  - component: {fileID: 389875393}
  m_Layer: 0
  m_Name: LeftArmSolver
  m_TagString: Untagged
  m_Icon: {fileID: 0}
  m_NavMeshLayer: 0
  m_StaticEditorFlags: 0
  m_IsActive: 1
--- !u!114 &389875393
MonoBehaviour:
  m_ObjectHideFlags: 0
  m_CorrespondingSourceObject: {fileID: 0}
  m_PrefabInstance: {fileID: 0}
  m_PrefabAsset: {fileID: 0}
  m_GameObject: {fileID: 389875392}
  m_Enabled: 1
  m_EditorHideFlags: 0
  m_Script: {fileID: 11500000, guid: 30ae93fb156fc6d4c828c64571fc3edd, type: 3}
  m_Name: 
  m_EditorClassIdentifier: 
  m_ConstrainRotation: 1
  m_SolveFromDefaultPose: 1
  m_Weight: 1
  m_Chain:
    m_EffectorTransform: {fileID: 0}
    m_TargetTransform: {fileID: 2055445130}
    m_TransformCount: 0
    m_Transforms:
    - {fileID: 1171723088}
    - {fileID: 531418077}
    - {fileID: 39917621}
    m_DefaultLocalRotations:
    - {x: -0, y: -0, z: -0.065502316, w: 0.99785244}
    - {x: -0, y: -0, z: -0.10522116, w: 0.9944489}
    - {x: -0, y: -0, z: 0.99387383, w: 0.1105204}
    m_StoredLocalRotations:
    - {x: 0, y: 0, z: 0, w: 0}
    - {x: 0, y: 0, z: 0, w: 0}
    - {x: 0, y: 0, z: 0, w: 0}
  m_Flip: 0
--- !u!4 &389875394
Transform:
  m_ObjectHideFlags: 0
  m_CorrespondingSourceObject: {fileID: 0}
  m_PrefabInstance: {fileID: 0}
  m_PrefabAsset: {fileID: 0}
  m_GameObject: {fileID: 389875392}
  m_LocalRotation: {x: -0, y: -0, z: -0, w: 1}
  m_LocalPosition: {x: 0, y: 0, z: 0}
  m_LocalScale: {x: 1, y: 1, z: 1}
  m_Children: []
  m_Father: {fileID: 170224892}
  m_RootOrder: 1
  m_LocalEulerAnglesHint: {x: 0, y: 0, z: 0}
--- !u!1 &451857246
GameObject:
  m_ObjectHideFlags: 0
  m_CorrespondingSourceObject: {fileID: 0}
  m_PrefabInstance: {fileID: 0}
  m_PrefabAsset: {fileID: 0}
  serializedVersion: 6
  m_Component:
  - component: {fileID: 451857248}
  - component: {fileID: 451857247}
  m_Layer: 0
  m_Name: charakter 0,6 size
  m_TagString: Untagged
  m_Icon: {fileID: 0}
  m_NavMeshLayer: 0
  m_StaticEditorFlags: 0
  m_IsActive: 0
--- !u!212 &451857247
SpriteRenderer:
  m_ObjectHideFlags: 0
  m_CorrespondingSourceObject: {fileID: 0}
  m_PrefabInstance: {fileID: 0}
  m_PrefabAsset: {fileID: 0}
  m_GameObject: {fileID: 451857246}
  m_Enabled: 1
  m_CastShadows: 0
  m_ReceiveShadows: 0
  m_DynamicOccludee: 1
  m_MotionVectors: 1
  m_LightProbeUsage: 1
  m_ReflectionProbeUsage: 1
  m_RayTracingMode: 0
  m_RayTraceProcedural: 0
  m_RenderingLayerMask: 1
  m_RendererPriority: 0
  m_Materials:
  - {fileID: 2100000, guid: a97c105638bdf8b4a8650670310a4cd3, type: 2}
  m_StaticBatchInfo:
    firstSubMesh: 0
    subMeshCount: 0
  m_StaticBatchRoot: {fileID: 0}
  m_ProbeAnchor: {fileID: 0}
  m_LightProbeVolumeOverride: {fileID: 0}
  m_ScaleInLightmap: 1
  m_ReceiveGI: 1
  m_PreserveUVs: 0
  m_IgnoreNormalsForChartDetection: 0
  m_ImportantGI: 0
  m_StitchLightmapSeams: 1
  m_SelectedEditorRenderState: 0
  m_MinimumChartSize: 4
  m_AutoUVMaxDistance: 0.5
  m_AutoUVMaxAngle: 89
  m_LightmapParameters: {fileID: 0}
  m_SortingLayerID: 0
  m_SortingLayer: 0
  m_SortingOrder: 0
  m_Sprite: {fileID: 21300000, guid: c219349da16207040b7b6a59360f45d7, type: 3}
  m_Color: {r: 1, g: 1, b: 1, a: 1}
  m_FlipX: 0
  m_FlipY: 0
  m_DrawMode: 0
  m_Size: {x: 2.96, y: 9.01}
  m_AdaptiveModeThreshold: 0.5
  m_SpriteTileMode: 0
  m_WasSpriteAssigned: 1
  m_MaskInteraction: 0
  m_SpriteSortPoint: 0
--- !u!4 &451857248
Transform:
  m_ObjectHideFlags: 0
  m_CorrespondingSourceObject: {fileID: 0}
  m_PrefabInstance: {fileID: 0}
  m_PrefabAsset: {fileID: 0}
  m_GameObject: {fileID: 451857246}
  m_LocalRotation: {x: 0, y: 0, z: 0, w: 1}
  m_LocalPosition: {x: -2.552, y: 0.204, z: 0}
  m_LocalScale: {x: 1, y: 1, z: 1}
  m_Children: []
  m_Father: {fileID: 0}
  m_RootOrder: 7
  m_LocalEulerAnglesHint: {x: 0, y: 0, z: 0}
--- !u!1 &465115102
GameObject:
  m_ObjectHideFlags: 0
  m_CorrespondingSourceObject: {fileID: 0}
  m_PrefabInstance: {fileID: 0}
  m_PrefabAsset: {fileID: 0}
  serializedVersion: 6
  m_Component:
  - component: {fileID: 465115103}
  m_Layer: 0
  m_Name: bone_12
  m_TagString: Untagged
  m_Icon: {fileID: 0}
  m_NavMeshLayer: 0
  m_StaticEditorFlags: 0
  m_IsActive: 1
--- !u!4 &465115103
Transform:
  m_ObjectHideFlags: 0
  m_CorrespondingSourceObject: {fileID: 0}
  m_PrefabInstance: {fileID: 0}
  m_PrefabAsset: {fileID: 0}
  m_GameObject: {fileID: 465115102}
  m_LocalRotation: {x: -0, y: -0, z: 0.99700737, w: -0.077306464}
  m_LocalPosition: {x: 0.11844646, y: -0.06707036, z: 0}
  m_LocalScale: {x: 1, y: 1, z: 1}
  m_Children:
  - {fileID: 733911144}
  m_Father: {fileID: 1539624691}
  m_RootOrder: 2
  m_LocalEulerAnglesHint: {x: 0, y: 0, z: 188.868}
--- !u!1 &489588450
GameObject:
  m_ObjectHideFlags: 0
  m_CorrespondingSourceObject: {fileID: 0}
  m_PrefabInstance: {fileID: 0}
  m_PrefabAsset: {fileID: 0}
  serializedVersion: 6
  m_Component:
  - component: {fileID: 489588451}
  m_Layer: 0
  m_Name: bone_17
  m_TagString: Untagged
  m_Icon: {fileID: 0}
  m_NavMeshLayer: 0
  m_StaticEditorFlags: 0
  m_IsActive: 1
--- !u!4 &489588451
Transform:
  m_ObjectHideFlags: 0
  m_CorrespondingSourceObject: {fileID: 0}
  m_PrefabInstance: {fileID: 0}
  m_PrefabAsset: {fileID: 0}
  m_GameObject: {fileID: 489588450}
  m_LocalRotation: {x: -0, y: -0, z: 0.5725758, w: 0.8198518}
  m_LocalPosition: {x: 0.17621185, y: 0.00000006915525, z: 0}
  m_LocalScale: {x: 1, y: 1, z: 1}
  m_Children: []
  m_Father: {fileID: 2064087351}
  m_RootOrder: 0
  m_LocalEulerAnglesHint: {x: 0, y: 0, z: 69.86}
--- !u!1 &531418076
GameObject:
  m_ObjectHideFlags: 0
  m_CorrespondingSourceObject: {fileID: 0}
  m_PrefabInstance: {fileID: 0}
  m_PrefabAsset: {fileID: 0}
  serializedVersion: 6
  m_Component:
  - component: {fileID: 531418077}
  m_Layer: 0
  m_Name: bone_3
  m_TagString: Untagged
  m_Icon: {fileID: 0}
  m_NavMeshLayer: 0
  m_StaticEditorFlags: 0
  m_IsActive: 1
--- !u!4 &531418077
Transform:
  m_ObjectHideFlags: 0
  m_CorrespondingSourceObject: {fileID: 0}
  m_PrefabInstance: {fileID: 0}
  m_PrefabAsset: {fileID: 0}
  m_GameObject: {fileID: 531418076}
  m_LocalRotation: {x: -0, y: -0, z: -0.10522116, w: 0.9944489}
  m_LocalPosition: {x: 0.87794113, y: -0.00000044559786, z: 0}
  m_LocalScale: {x: 1, y: 1, z: 1}
  m_Children:
  - {fileID: 1161033627}
  - {fileID: 39917621}
  - {fileID: 1268513530}
  m_Father: {fileID: 1171723088}
  m_RootOrder: 0
  m_LocalEulerAnglesHint: {x: 0, y: 0, z: -12.08}
--- !u!1001 &565599426
PrefabInstance:
  m_ObjectHideFlags: 0
  serializedVersion: 2
  m_Modification:
    m_TransformParent: {fileID: 0}
    m_Modifications:
    - target: {fileID: 600366980520331985, guid: 5711dfdabc5051e47acd5d31eda3c849,
        type: 3}
      propertyPath: m_LocalRotation.z
      value: 0.17852686
      objectReference: {fileID: 0}
    - target: {fileID: 600366980520331985, guid: 5711dfdabc5051e47acd5d31eda3c849,
        type: 3}
      propertyPath: m_LocalRotation.w
      value: 0.9839351
      objectReference: {fileID: 0}
    - target: {fileID: 600366980522786028, guid: 5711dfdabc5051e47acd5d31eda3c849,
        type: 3}
      propertyPath: m_LocalRotation.z
      value: 0.9661087
      objectReference: {fileID: 0}
    - target: {fileID: 600366980522786028, guid: 5711dfdabc5051e47acd5d31eda3c849,
        type: 3}
      propertyPath: m_LocalRotation.w
      value: 0.25813583
      objectReference: {fileID: 0}
    - target: {fileID: 600366980534781493, guid: 5711dfdabc5051e47acd5d31eda3c849,
        type: 3}
      propertyPath: m_LocalRotation.z
      value: 0.0000002384186
      objectReference: {fileID: 0}
    - target: {fileID: 600366980534781493, guid: 5711dfdabc5051e47acd5d31eda3c849,
        type: 3}
      propertyPath: m_LocalEulerAnglesHint.z
      value: 0
      objectReference: {fileID: 0}
    - target: {fileID: 600366980534781493, guid: 5711dfdabc5051e47acd5d31eda3c849,
        type: 3}
      propertyPath: m_LocalRotation.w
      value: 1
      objectReference: {fileID: 0}
    - target: {fileID: 600366980534781493, guid: 5711dfdabc5051e47acd5d31eda3c849,
        type: 3}
      propertyPath: m_LocalRotation.y
      value: -0
      objectReference: {fileID: 0}
    - target: {fileID: 600366980567402655, guid: 5711dfdabc5051e47acd5d31eda3c849,
        type: 3}
      propertyPath: m_LocalRotation.x
      value: 0
      objectReference: {fileID: 0}
    - target: {fileID: 600366980567402655, guid: 5711dfdabc5051e47acd5d31eda3c849,
        type: 3}
      propertyPath: m_LocalRotation.y
      value: 0
      objectReference: {fileID: 0}
    - target: {fileID: 600366980567402655, guid: 5711dfdabc5051e47acd5d31eda3c849,
        type: 3}
      propertyPath: m_LocalRotation.z
      value: 0.54165465
      objectReference: {fileID: 0}
    - target: {fileID: 600366980567402655, guid: 5711dfdabc5051e47acd5d31eda3c849,
        type: 3}
      propertyPath: m_LocalRotation.w
      value: 0.8406012
      objectReference: {fileID: 0}
    - target: {fileID: 600366980567402655, guid: 5711dfdabc5051e47acd5d31eda3c849,
        type: 3}
      propertyPath: m_LocalEulerAnglesHint.z
      value: 0
      objectReference: {fileID: 0}
    - target: {fileID: 600366980567402655, guid: 5711dfdabc5051e47acd5d31eda3c849,
        type: 3}
      propertyPath: m_LocalPosition.x
      value: 1.876538
      objectReference: {fileID: 0}
    - target: {fileID: 600366980567402655, guid: 5711dfdabc5051e47acd5d31eda3c849,
        type: 3}
      propertyPath: m_LocalPosition.y
      value: 0.22921777
      objectReference: {fileID: 0}
    - target: {fileID: 600366980594552549, guid: 5711dfdabc5051e47acd5d31eda3c849,
        type: 3}
      propertyPath: m_LocalRotation.z
      value: 0.00000026822087
      objectReference: {fileID: 0}
    - target: {fileID: 600366980594552549, guid: 5711dfdabc5051e47acd5d31eda3c849,
        type: 3}
      propertyPath: m_LocalEulerAnglesHint.z
      value: 0
      objectReference: {fileID: 0}
    - target: {fileID: 600366980594552549, guid: 5711dfdabc5051e47acd5d31eda3c849,
        type: 3}
      propertyPath: m_LocalRotation.w
      value: 1
      objectReference: {fileID: 0}
    - target: {fileID: 600366980626582043, guid: 5711dfdabc5051e47acd5d31eda3c849,
        type: 3}
      propertyPath: m_LocalRotation.z
      value: 0.48073226
      objectReference: {fileID: 0}
    - target: {fileID: 600366980626582043, guid: 5711dfdabc5051e47acd5d31eda3c849,
        type: 3}
      propertyPath: m_LocalRotation.w
      value: 0.8768674
      objectReference: {fileID: 0}
    - target: {fileID: 600366980707354169, guid: 5711dfdabc5051e47acd5d31eda3c849,
        type: 3}
      propertyPath: m_LocalPosition.x
      value: 1.9533837
      objectReference: {fileID: 0}
    - target: {fileID: 600366980707354169, guid: 5711dfdabc5051e47acd5d31eda3c849,
        type: 3}
      propertyPath: m_LocalPosition.y
      value: -0.21554059
      objectReference: {fileID: 0}
    - target: {fileID: 600366980707354169, guid: 5711dfdabc5051e47acd5d31eda3c849,
        type: 3}
      propertyPath: m_LocalRotation.x
      value: 0
      objectReference: {fileID: 0}
    - target: {fileID: 600366980707354169, guid: 5711dfdabc5051e47acd5d31eda3c849,
        type: 3}
      propertyPath: m_LocalRotation.y
      value: 0
      objectReference: {fileID: 0}
    - target: {fileID: 600366980707354169, guid: 5711dfdabc5051e47acd5d31eda3c849,
        type: 3}
      propertyPath: m_LocalRotation.z
      value: 0.2849858
      objectReference: {fileID: 0}
    - target: {fileID: 600366980707354169, guid: 5711dfdabc5051e47acd5d31eda3c849,
        type: 3}
      propertyPath: m_LocalRotation.w
      value: 0.9585318
      objectReference: {fileID: 0}
    - target: {fileID: 600366980707354169, guid: 5711dfdabc5051e47acd5d31eda3c849,
        type: 3}
      propertyPath: m_LocalEulerAnglesHint.z
      value: 0
      objectReference: {fileID: 0}
    - target: {fileID: 600366980724519350, guid: 5711dfdabc5051e47acd5d31eda3c849,
        type: 3}
      propertyPath: m_LocalRotation.z
      value: 0.45446965
      objectReference: {fileID: 0}
    - target: {fileID: 600366980724519350, guid: 5711dfdabc5051e47acd5d31eda3c849,
        type: 3}
      propertyPath: m_LocalRotation.w
      value: 0.89076227
      objectReference: {fileID: 0}
    - target: {fileID: 600366980752551690, guid: 5711dfdabc5051e47acd5d31eda3c849,
        type: 3}
      propertyPath: m_LocalPosition.x
      value: 1.0895967
      objectReference: {fileID: 0}
    - target: {fileID: 600366980752551690, guid: 5711dfdabc5051e47acd5d31eda3c849,
        type: 3}
      propertyPath: m_LocalPosition.y
      value: -1.514574
      objectReference: {fileID: 0}
    - target: {fileID: 600366980752551690, guid: 5711dfdabc5051e47acd5d31eda3c849,
        type: 3}
      propertyPath: m_LocalRotation.x
      value: 0
      objectReference: {fileID: 0}
    - target: {fileID: 600366980752551690, guid: 5711dfdabc5051e47acd5d31eda3c849,
        type: 3}
      propertyPath: m_LocalRotation.y
      value: 0
      objectReference: {fileID: 0}
    - target: {fileID: 600366980752551690, guid: 5711dfdabc5051e47acd5d31eda3c849,
        type: 3}
      propertyPath: m_LocalRotation.z
      value: -0.6922723
      objectReference: {fileID: 0}
    - target: {fileID: 600366980752551690, guid: 5711dfdabc5051e47acd5d31eda3c849,
        type: 3}
      propertyPath: m_LocalRotation.w
      value: 0.72163635
      objectReference: {fileID: 0}
    - target: {fileID: 600366980752551690, guid: 5711dfdabc5051e47acd5d31eda3c849,
        type: 3}
      propertyPath: m_LocalEulerAnglesHint.z
      value: 0
      objectReference: {fileID: 0}
    - target: {fileID: 600366980794962648, guid: 5711dfdabc5051e47acd5d31eda3c849,
        type: 3}
      propertyPath: m_LocalRotation.x
      value: 0
      objectReference: {fileID: 0}
    - target: {fileID: 600366980794962648, guid: 5711dfdabc5051e47acd5d31eda3c849,
        type: 3}
      propertyPath: m_LocalRotation.z
      value: -0.033921942
      objectReference: {fileID: 0}
    - target: {fileID: 600366980794962648, guid: 5711dfdabc5051e47acd5d31eda3c849,
        type: 3}
      propertyPath: m_LocalRotation.w
      value: 0.9994245
      objectReference: {fileID: 0}
    - target: {fileID: 600366980794962648, guid: 5711dfdabc5051e47acd5d31eda3c849,
        type: 3}
      propertyPath: m_LocalEulerAnglesHint.z
      value: 0
      objectReference: {fileID: 0}
    - target: {fileID: 600366980794962648, guid: 5711dfdabc5051e47acd5d31eda3c849,
        type: 3}
      propertyPath: m_LocalPosition.x
      value: -1.3802819
      objectReference: {fileID: 0}
    - target: {fileID: 600366980794962648, guid: 5711dfdabc5051e47acd5d31eda3c849,
        type: 3}
      propertyPath: m_LocalPosition.y
      value: -2.0469491
      objectReference: {fileID: 0}
    - target: {fileID: 600366980798935826, guid: 5711dfdabc5051e47acd5d31eda3c849,
        type: 3}
      propertyPath: m_LocalPosition.x
      value: -0.07473114
      objectReference: {fileID: 0}
    - target: {fileID: 600366980798935826, guid: 5711dfdabc5051e47acd5d31eda3c849,
        type: 3}
      propertyPath: m_LocalPosition.y
      value: -3.9667141
      objectReference: {fileID: 0}
    - target: {fileID: 600366980875132137, guid: 5711dfdabc5051e47acd5d31eda3c849,
        type: 3}
      propertyPath: m_LocalRotation.z
      value: -0.6304638
      objectReference: {fileID: 0}
    - target: {fileID: 600366980875132137, guid: 5711dfdabc5051e47acd5d31eda3c849,
        type: 3}
      propertyPath: m_LocalRotation.w
      value: 0.77621865
      objectReference: {fileID: 0}
    - target: {fileID: 600366980875132137, guid: 5711dfdabc5051e47acd5d31eda3c849,
        type: 3}
      propertyPath: m_LocalPosition.x
      value: 0.7046711
      objectReference: {fileID: 0}
    - target: {fileID: 600366980875132137, guid: 5711dfdabc5051e47acd5d31eda3c849,
        type: 3}
      propertyPath: m_LocalPosition.y
      value: -0.28581777
      objectReference: {fileID: 0}
    - target: {fileID: 600366981042059235, guid: 5711dfdabc5051e47acd5d31eda3c849,
        type: 3}
      propertyPath: m_LocalPosition.x
      value: 3.6414914
      objectReference: {fileID: 0}
    - target: {fileID: 600366981042059235, guid: 5711dfdabc5051e47acd5d31eda3c849,
        type: 3}
      propertyPath: m_LocalPosition.y
      value: -3.1304958
      objectReference: {fileID: 0}
    - target: {fileID: 600366981051517677, guid: 5711dfdabc5051e47acd5d31eda3c849,
        type: 3}
      propertyPath: m_LocalRotation.z
      value: -0.013392222
      objectReference: {fileID: 0}
    - target: {fileID: 600366981051517677, guid: 5711dfdabc5051e47acd5d31eda3c849,
        type: 3}
      propertyPath: m_LocalRotation.w
      value: 0.99991035
      objectReference: {fileID: 0}
    - target: {fileID: 600366981051517677, guid: 5711dfdabc5051e47acd5d31eda3c849,
        type: 3}
      propertyPath: m_LocalEulerAnglesHint.z
      value: -1.535
      objectReference: {fileID: 0}
    - target: {fileID: 600366981234350449, guid: 5711dfdabc5051e47acd5d31eda3c849,
        type: 3}
      propertyPath: m_LocalPosition.x
      value: 2.674951
      objectReference: {fileID: 0}
    - target: {fileID: 600366981234350449, guid: 5711dfdabc5051e47acd5d31eda3c849,
        type: 3}
      propertyPath: m_LocalPosition.y
      value: -1.4783218
      objectReference: {fileID: 0}
    - target: {fileID: 600366981234350449, guid: 5711dfdabc5051e47acd5d31eda3c849,
        type: 3}
      propertyPath: m_LocalRotation.x
      value: 0
      objectReference: {fileID: 0}
    - target: {fileID: 600366981234350449, guid: 5711dfdabc5051e47acd5d31eda3c849,
        type: 3}
      propertyPath: m_LocalRotation.y
      value: 0
      objectReference: {fileID: 0}
    - target: {fileID: 600366981234350449, guid: 5711dfdabc5051e47acd5d31eda3c849,
        type: 3}
      propertyPath: m_LocalRotation.z
      value: -0.094366744
      objectReference: {fileID: 0}
    - target: {fileID: 600366981234350449, guid: 5711dfdabc5051e47acd5d31eda3c849,
        type: 3}
      propertyPath: m_LocalRotation.w
      value: 0.9955375
      objectReference: {fileID: 0}
    - target: {fileID: 600366981234350449, guid: 5711dfdabc5051e47acd5d31eda3c849,
        type: 3}
      propertyPath: m_LocalEulerAnglesHint.z
      value: 0
      objectReference: {fileID: 0}
    - target: {fileID: 600366981407907417, guid: 5711dfdabc5051e47acd5d31eda3c849,
        type: 3}
      propertyPath: m_LocalPosition.x
      value: -0.958
      objectReference: {fileID: 0}
    - target: {fileID: 600366981407907417, guid: 5711dfdabc5051e47acd5d31eda3c849,
        type: 3}
      propertyPath: m_LocalPosition.y
      value: -2.295
      objectReference: {fileID: 0}
    - target: {fileID: 600366981407907417, guid: 5711dfdabc5051e47acd5d31eda3c849,
        type: 3}
      propertyPath: m_LocalPosition.z
      value: 0
      objectReference: {fileID: 0}
    - target: {fileID: 600366981407907417, guid: 5711dfdabc5051e47acd5d31eda3c849,
        type: 3}
      propertyPath: m_LocalRotation.x
      value: 0
      objectReference: {fileID: 0}
    - target: {fileID: 600366981407907417, guid: 5711dfdabc5051e47acd5d31eda3c849,
        type: 3}
      propertyPath: m_LocalRotation.y
      value: 0
      objectReference: {fileID: 0}
    - target: {fileID: 600366981407907417, guid: 5711dfdabc5051e47acd5d31eda3c849,
        type: 3}
      propertyPath: m_LocalRotation.z
      value: 0
      objectReference: {fileID: 0}
    - target: {fileID: 600366981407907417, guid: 5711dfdabc5051e47acd5d31eda3c849,
        type: 3}
      propertyPath: m_LocalRotation.w
      value: 1
      objectReference: {fileID: 0}
    - target: {fileID: 600366981407907417, guid: 5711dfdabc5051e47acd5d31eda3c849,
        type: 3}
      propertyPath: m_RootOrder
      value: 1
      objectReference: {fileID: 0}
    - target: {fileID: 600366981407907417, guid: 5711dfdabc5051e47acd5d31eda3c849,
        type: 3}
      propertyPath: m_LocalEulerAnglesHint.x
      value: 0
      objectReference: {fileID: 0}
    - target: {fileID: 600366981407907417, guid: 5711dfdabc5051e47acd5d31eda3c849,
        type: 3}
      propertyPath: m_LocalEulerAnglesHint.y
      value: 0
      objectReference: {fileID: 0}
    - target: {fileID: 600366981407907417, guid: 5711dfdabc5051e47acd5d31eda3c849,
        type: 3}
      propertyPath: m_LocalEulerAnglesHint.z
      value: 0
      objectReference: {fileID: 0}
    - target: {fileID: 600366981407907428, guid: 5711dfdabc5051e47acd5d31eda3c849,
        type: 3}
      propertyPath: m_Name
      value: Pet
      objectReference: {fileID: 0}
    - target: {fileID: 600366981407907431, guid: 5711dfdabc5051e47acd5d31eda3c849,
        type: 3}
      propertyPath: m_Enabled
      value: 0
      objectReference: {fileID: 0}
    - target: {fileID: 600366981645075729, guid: 5711dfdabc5051e47acd5d31eda3c849,
        type: 3}
      propertyPath: m_LocalPosition.x
      value: 2.536954
      objectReference: {fileID: 0}
    - target: {fileID: 600366981645075729, guid: 5711dfdabc5051e47acd5d31eda3c849,
        type: 3}
      propertyPath: m_LocalPosition.y
      value: 1.3544576
      objectReference: {fileID: 0}
    - target: {fileID: 600366981645075729, guid: 5711dfdabc5051e47acd5d31eda3c849,
        type: 3}
      propertyPath: m_LocalRotation.x
      value: 0
      objectReference: {fileID: 0}
    - target: {fileID: 600366981645075729, guid: 5711dfdabc5051e47acd5d31eda3c849,
        type: 3}
      propertyPath: m_LocalRotation.y
      value: 0
      objectReference: {fileID: 0}
    - target: {fileID: 600366981645075729, guid: 5711dfdabc5051e47acd5d31eda3c849,
        type: 3}
      propertyPath: m_LocalRotation.z
      value: 0.022780428
      objectReference: {fileID: 0}
    - target: {fileID: 600366981645075729, guid: 5711dfdabc5051e47acd5d31eda3c849,
        type: 3}
      propertyPath: m_LocalRotation.w
      value: 0.99974054
      objectReference: {fileID: 0}
    - target: {fileID: 600366981645075729, guid: 5711dfdabc5051e47acd5d31eda3c849,
        type: 3}
      propertyPath: m_LocalEulerAnglesHint.z
      value: 0
      objectReference: {fileID: 0}
    - target: {fileID: 600366981653057713, guid: 5711dfdabc5051e47acd5d31eda3c849,
        type: 3}
      propertyPath: m_LocalRotation.z
      value: -0.9959405
      objectReference: {fileID: 0}
    - target: {fileID: 600366981653057713, guid: 5711dfdabc5051e47acd5d31eda3c849,
        type: 3}
      propertyPath: m_LocalRotation.w
      value: 0.0900147
      objectReference: {fileID: 0}
    - target: {fileID: 600366981653057713, guid: 5711dfdabc5051e47acd5d31eda3c849,
        type: 3}
      propertyPath: m_LocalPosition.x
      value: 3.6687672
      objectReference: {fileID: 0}
    - target: {fileID: 600366981653057713, guid: 5711dfdabc5051e47acd5d31eda3c849,
        type: 3}
      propertyPath: m_LocalPosition.y
      value: -1.8799039
      objectReference: {fileID: 0}
    - target: {fileID: 600366981653057713, guid: 5711dfdabc5051e47acd5d31eda3c849,
        type: 3}
      propertyPath: m_LocalEulerAnglesHint.z
      value: -178.268
      objectReference: {fileID: 0}
    - target: {fileID: 600366981828737407, guid: 5711dfdabc5051e47acd5d31eda3c849,
        type: 3}
      propertyPath: m_LocalPosition.x
      value: 0.24207634
      objectReference: {fileID: 0}
    - target: {fileID: 600366981828737407, guid: 5711dfdabc5051e47acd5d31eda3c849,
        type: 3}
      propertyPath: m_LocalPosition.y
      value: -1.2341189
      objectReference: {fileID: 0}
    - target: {fileID: 600366981828737407, guid: 5711dfdabc5051e47acd5d31eda3c849,
        type: 3}
      propertyPath: m_LocalRotation.x
      value: 0
      objectReference: {fileID: 0}
    - target: {fileID: 600366981828737407, guid: 5711dfdabc5051e47acd5d31eda3c849,
        type: 3}
      propertyPath: m_LocalRotation.z
      value: -0.71825045
      objectReference: {fileID: 0}
    - target: {fileID: 600366981828737407, guid: 5711dfdabc5051e47acd5d31eda3c849,
        type: 3}
      propertyPath: m_LocalRotation.w
      value: 0.69578475
      objectReference: {fileID: 0}
    - target: {fileID: 600366981828737407, guid: 5711dfdabc5051e47acd5d31eda3c849,
        type: 3}
      propertyPath: m_LocalEulerAnglesHint.z
      value: 0
      objectReference: {fileID: 0}
    - target: {fileID: 600366982154786818, guid: 5711dfdabc5051e47acd5d31eda3c849,
        type: 3}
      propertyPath: m_LocalPosition.x
      value: 0.64255047
      objectReference: {fileID: 0}
    - target: {fileID: 600366982154786818, guid: 5711dfdabc5051e47acd5d31eda3c849,
        type: 3}
      propertyPath: m_LocalPosition.y
      value: -3.8476505
      objectReference: {fileID: 0}
    - target: {fileID: 600366982286875098, guid: 5711dfdabc5051e47acd5d31eda3c849,
        type: 3}
      propertyPath: m_LocalRotation.z
      value: -0.22221157
      objectReference: {fileID: 0}
    - target: {fileID: 600366982286875098, guid: 5711dfdabc5051e47acd5d31eda3c849,
        type: 3}
      propertyPath: m_LocalRotation.w
      value: 0.9749985
      objectReference: {fileID: 0}
    - target: {fileID: 600366982339335419, guid: 5711dfdabc5051e47acd5d31eda3c849,
        type: 3}
      propertyPath: m_LocalRotation.z
      value: -0.62647676
      objectReference: {fileID: 0}
    - target: {fileID: 600366982339335419, guid: 5711dfdabc5051e47acd5d31eda3c849,
        type: 3}
      propertyPath: m_LocalRotation.w
      value: 0.7794401
      objectReference: {fileID: 0}
    - target: {fileID: 600366982339335419, guid: 5711dfdabc5051e47acd5d31eda3c849,
        type: 3}
      propertyPath: m_LocalPosition.x
      value: 0.03155606
      objectReference: {fileID: 0}
    - target: {fileID: 600366982339335419, guid: 5711dfdabc5051e47acd5d31eda3c849,
        type: 3}
      propertyPath: m_LocalPosition.y
      value: -0.44596422
      objectReference: {fileID: 0}
    - target: {fileID: 600366982339335419, guid: 5711dfdabc5051e47acd5d31eda3c849,
        type: 3}
      propertyPath: m_LocalEulerAnglesHint.z
      value: -77.581
      objectReference: {fileID: 0}
    - target: {fileID: 600366982444533984, guid: 5711dfdabc5051e47acd5d31eda3c849,
        type: 3}
      propertyPath: m_LocalPosition.y
      value: -3.2031863
      objectReference: {fileID: 0}
    - target: {fileID: 600366982444533984, guid: 5711dfdabc5051e47acd5d31eda3c849,
        type: 3}
      propertyPath: m_LocalPosition.x
      value: -2.2564886
      objectReference: {fileID: 0}
    - target: {fileID: 600366982501973163, guid: 5711dfdabc5051e47acd5d31eda3c849,
        type: 3}
      propertyPath: m_LocalRotation.z
      value: 0.07810143
      objectReference: {fileID: 0}
    - target: {fileID: 600366982501973163, guid: 5711dfdabc5051e47acd5d31eda3c849,
        type: 3}
      propertyPath: m_LocalEulerAnglesHint.z
      value: 8.959
      objectReference: {fileID: 0}
    - target: {fileID: 600366982501973163, guid: 5711dfdabc5051e47acd5d31eda3c849,
        type: 3}
      propertyPath: m_LocalRotation.w
      value: 0.9969454
      objectReference: {fileID: 0}
    m_RemovedComponents: []
  m_SourcePrefab: {fileID: 100100000, guid: 5711dfdabc5051e47acd5d31eda3c849, type: 3}
--- !u!1 &733911143
GameObject:
  m_ObjectHideFlags: 0
  m_CorrespondingSourceObject: {fileID: 0}
  m_PrefabInstance: {fileID: 0}
  m_PrefabAsset: {fileID: 0}
  serializedVersion: 6
  m_Component:
  - component: {fileID: 733911144}
  m_Layer: 0
  m_Name: bone_13
  m_TagString: Untagged
  m_Icon: {fileID: 0}
  m_NavMeshLayer: 0
  m_StaticEditorFlags: 0
  m_IsActive: 1
--- !u!4 &733911144
Transform:
  m_ObjectHideFlags: 0
  m_CorrespondingSourceObject: {fileID: 0}
  m_PrefabInstance: {fileID: 0}
  m_PrefabAsset: {fileID: 0}
  m_GameObject: {fileID: 733911143}
  m_LocalRotation: {x: -0, y: -0, z: -0.07069336, w: 0.9974981}
  m_LocalPosition: {x: 0.9122937, y: -0.009480119, z: 0}
  m_LocalScale: {x: 1, y: 1, z: 1}
  m_Children:
  - {fileID: 2064087351}
  m_Father: {fileID: 465115103}
  m_RootOrder: 0
  m_LocalEulerAnglesHint: {x: 0, y: 0, z: 351.892}
--- !u!1 &869729321
GameObject:
  m_ObjectHideFlags: 0
  m_CorrespondingSourceObject: {fileID: 0}
  m_PrefabInstance: {fileID: 0}
  m_PrefabAsset: {fileID: 0}
  serializedVersion: 6
  m_Component:
  - component: {fileID: 869729323}
  - component: {fileID: 869729322}
  m_Layer: 0
  m_Name: les02
  m_TagString: Background
  m_Icon: {fileID: 0}
  m_NavMeshLayer: 0
  m_StaticEditorFlags: 0
  m_IsActive: 0
--- !u!212 &869729322
SpriteRenderer:
  m_ObjectHideFlags: 0
  m_CorrespondingSourceObject: {fileID: 0}
  m_PrefabInstance: {fileID: 0}
  m_PrefabAsset: {fileID: 0}
  m_GameObject: {fileID: 869729321}
  m_Enabled: 1
  m_CastShadows: 0
  m_ReceiveShadows: 0
  m_DynamicOccludee: 1
  m_MotionVectors: 1
  m_LightProbeUsage: 1
  m_ReflectionProbeUsage: 1
  m_RayTracingMode: 0
  m_RayTraceProcedural: 0
  m_RenderingLayerMask: 1
  m_RendererPriority: 0
  m_Materials:
  - {fileID: 2100000, guid: a97c105638bdf8b4a8650670310a4cd3, type: 2}
  m_StaticBatchInfo:
    firstSubMesh: 0
    subMeshCount: 0
  m_StaticBatchRoot: {fileID: 0}
  m_ProbeAnchor: {fileID: 0}
  m_LightProbeVolumeOverride: {fileID: 0}
  m_ScaleInLightmap: 1
  m_ReceiveGI: 1
  m_PreserveUVs: 0
  m_IgnoreNormalsForChartDetection: 0
  m_ImportantGI: 0
  m_StitchLightmapSeams: 1
  m_SelectedEditorRenderState: 0
  m_MinimumChartSize: 4
  m_AutoUVMaxDistance: 0.5
  m_AutoUVMaxAngle: 89
  m_LightmapParameters: {fileID: 0}
  m_SortingLayerID: 0
  m_SortingLayer: 0
  m_SortingOrder: 0
  m_Sprite: {fileID: 21300000, guid: 838201b49f2382d449ec4ed0034562af, type: 3}
  m_Color: {r: 1, g: 1, b: 1, a: 1}
  m_FlipX: 0
  m_FlipY: 0
  m_DrawMode: 0
  m_Size: {x: 171.68861, y: 70}
  m_AdaptiveModeThreshold: 0.5
  m_SpriteTileMode: 0
  m_WasSpriteAssigned: 1
  m_MaskInteraction: 0
  m_SpriteSortPoint: 0
--- !u!4 &869729323
Transform:
  m_ObjectHideFlags: 0
  m_CorrespondingSourceObject: {fileID: 0}
  m_PrefabInstance: {fileID: 0}
  m_PrefabAsset: {fileID: 0}
  m_GameObject: {fileID: 869729321}
  m_LocalRotation: {x: 0, y: 0, z: 0, w: 1}
  m_LocalPosition: {x: 16.6, y: 0.7, z: 0}
  m_LocalScale: {x: 0.46289054, y: 0.46289054, z: 0.46289054}
  m_Children: []
  m_Father: {fileID: 0}
  m_RootOrder: 10
  m_LocalEulerAnglesHint: {x: 0, y: 0, z: 0}
--- !u!1001 &984232596
PrefabInstance:
  m_ObjectHideFlags: 0
  serializedVersion: 2
  m_Modification:
    m_TransformParent: {fileID: 0}
    m_Modifications:
    - target: {fileID: 2115221000859095320, guid: 543872118e307f24ab8baa92056a00c2,
        type: 3}
      propertyPath: m_LocalRotation.z
      value: 0.0000020265577
      objectReference: {fileID: 0}
    - target: {fileID: 2115221000859095320, guid: 543872118e307f24ab8baa92056a00c2,
        type: 3}
      propertyPath: m_LocalEulerAnglesHint.z
      value: -359.999
      objectReference: {fileID: 0}
    - target: {fileID: 2115221000859859809, guid: 543872118e307f24ab8baa92056a00c2,
        type: 3}
      propertyPath: m_LocalPosition.x
      value: -4.51
      objectReference: {fileID: 0}
    - target: {fileID: 2115221000859859809, guid: 543872118e307f24ab8baa92056a00c2,
        type: 3}
      propertyPath: m_RootOrder
      value: 0
      objectReference: {fileID: 0}
    - target: {fileID: 2115221000859859809, guid: 543872118e307f24ab8baa92056a00c2,
        type: 3}
      propertyPath: m_LocalPosition.y
      value: -0.24
      objectReference: {fileID: 0}
    - target: {fileID: 2115221000991822171, guid: 543872118e307f24ab8baa92056a00c2,
        type: 3}
      propertyPath: m_LocalRotation.z
      value: 0.99707097
      objectReference: {fileID: 0}
    - target: {fileID: 2115221000991822171, guid: 543872118e307f24ab8baa92056a00c2,
        type: 3}
      propertyPath: m_LocalRotation.w
      value: 0.07648283
      objectReference: {fileID: 0}
    - target: {fileID: 2115221001002854184, guid: 543872118e307f24ab8baa92056a00c2,
        type: 3}
      propertyPath: m_LocalRotation.w
      value: -0.19348507
      objectReference: {fileID: 0}
    - target: {fileID: 2115221001002854184, guid: 543872118e307f24ab8baa92056a00c2,
        type: 3}
      propertyPath: m_LocalRotation.z
      value: 0.98110324
      objectReference: {fileID: 0}
    - target: {fileID: 2115221001183302914, guid: 543872118e307f24ab8baa92056a00c2,
        type: 3}
      propertyPath: m_LocalRotation.z
      value: 0.60380137
      objectReference: {fileID: 0}
    - target: {fileID: 2115221001183302914, guid: 543872118e307f24ab8baa92056a00c2,
        type: 3}
      propertyPath: m_LocalRotation.w
      value: 0.79713476
      objectReference: {fileID: 0}
    - target: {fileID: 2115221001219767673, guid: 543872118e307f24ab8baa92056a00c2,
        type: 3}
      propertyPath: m_LocalRotation.z
      value: 0.99439657
      objectReference: {fileID: 0}
    - target: {fileID: 2115221001219767673, guid: 543872118e307f24ab8baa92056a00c2,
        type: 3}
      propertyPath: m_LocalRotation.w
      value: -0.10571442
      objectReference: {fileID: 0}
    - target: {fileID: 2115221001694100555, guid: 543872118e307f24ab8baa92056a00c2,
        type: 3}
      propertyPath: m_LocalRotation.z
      value: 0.10843823
      objectReference: {fileID: 0}
    - target: {fileID: 2115221001694100555, guid: 543872118e307f24ab8baa92056a00c2,
        type: 3}
      propertyPath: m_LocalRotation.w
      value: 0.99410325
      objectReference: {fileID: 0}
    - target: {fileID: 2115221001915895468, guid: 543872118e307f24ab8baa92056a00c2,
        type: 3}
      propertyPath: m_LocalRotation.z
      value: 0.9988494
      objectReference: {fileID: 0}
    - target: {fileID: 2115221001915895468, guid: 543872118e307f24ab8baa92056a00c2,
        type: 3}
      propertyPath: m_LocalRotation.w
      value: 0.047958203
      objectReference: {fileID: 0}
    - target: {fileID: 2115221002211244379, guid: 543872118e307f24ab8baa92056a00c2,
        type: 3}
      propertyPath: m_LocalRotation.z
      value: 0.21236901
      objectReference: {fileID: 0}
    - target: {fileID: 2115221002211244379, guid: 543872118e307f24ab8baa92056a00c2,
        type: 3}
      propertyPath: m_LocalRotation.w
      value: 0.9771896
      objectReference: {fileID: 0}
    - target: {fileID: 2115221002393731140, guid: 543872118e307f24ab8baa92056a00c2,
        type: 3}
      propertyPath: m_LocalRotation.z
      value: 0.6271832
      objectReference: {fileID: 0}
    - target: {fileID: 2115221002393731140, guid: 543872118e307f24ab8baa92056a00c2,
        type: 3}
      propertyPath: m_LocalRotation.w
      value: 0.7788718
      objectReference: {fileID: 0}
    - target: {fileID: 2115221002502057241, guid: 543872118e307f24ab8baa92056a00c2,
        type: 3}
      propertyPath: m_LocalRotation.z
      value: 0.0000017881389
      objectReference: {fileID: 0}
    - target: {fileID: 2582223010155429451, guid: 543872118e307f24ab8baa92056a00c2,
        type: 3}
      propertyPath: m_LocalRotation.z
      value: 0.0000012367963
      objectReference: {fileID: 0}
    - target: {fileID: 2582223010155429451, guid: 543872118e307f24ab8baa92056a00c2,
        type: 3}
      propertyPath: m_LocalRotation.w
      value: 1
      objectReference: {fileID: 0}
    - target: {fileID: 2582223010155429451, guid: 543872118e307f24ab8baa92056a00c2,
        type: 3}
      propertyPath: m_LocalEulerAnglesHint.z
      value: -360
      objectReference: {fileID: 0}
    - target: {fileID: 2582223010289395424, guid: 543872118e307f24ab8baa92056a00c2,
        type: 3}
      propertyPath: m_LocalRotation.z
      value: -0.080326416
      objectReference: {fileID: 0}
    - target: {fileID: 2582223010289395424, guid: 543872118e307f24ab8baa92056a00c2,
        type: 3}
      propertyPath: m_LocalRotation.w
      value: 0.99676865
      objectReference: {fileID: 0}
    - target: {fileID: 2582223010289395424, guid: 543872118e307f24ab8baa92056a00c2,
        type: 3}
      propertyPath: m_LocalEulerAnglesHint.z
      value: -9.215
      objectReference: {fileID: 0}
    - target: {fileID: 2582223010331890454, guid: 543872118e307f24ab8baa92056a00c2,
        type: 3}
      propertyPath: m_LocalRotation.z
      value: 0.62718326
      objectReference: {fileID: 0}
    - target: {fileID: 2582223010331890454, guid: 543872118e307f24ab8baa92056a00c2,
        type: 3}
      propertyPath: m_LocalRotation.w
      value: 0.7788718
      objectReference: {fileID: 0}
    - target: {fileID: 2582223010331890454, guid: 543872118e307f24ab8baa92056a00c2,
        type: 3}
      propertyPath: m_LocalEulerAnglesHint.z
      value: 77.685
      objectReference: {fileID: 0}
    - target: {fileID: 2582223010339615093, guid: 543872118e307f24ab8baa92056a00c2,
        type: 3}
      propertyPath: m_LocalPosition.x
      value: -0.13057724
      objectReference: {fileID: 0}
    - target: {fileID: 2582223010339615093, guid: 543872118e307f24ab8baa92056a00c2,
        type: 3}
      propertyPath: m_LocalPosition.y
      value: 0.13130188
      objectReference: {fileID: 0}
    - target: {fileID: 2582223010369328805, guid: 543872118e307f24ab8baa92056a00c2,
        type: 3}
      propertyPath: m_LocalPosition.y
      value: -0.38030243
      objectReference: {fileID: 0}
    - target: {fileID: 2582223010369328805, guid: 543872118e307f24ab8baa92056a00c2,
        type: 3}
      propertyPath: m_LocalPosition.x
      value: 0.145036
      objectReference: {fileID: 0}
    - target: {fileID: 2582223010413734409, guid: 543872118e307f24ab8baa92056a00c2,
        type: 3}
      propertyPath: m_LocalRotation.z
      value: 0.21236977
      objectReference: {fileID: 0}
    - target: {fileID: 2582223010413734409, guid: 543872118e307f24ab8baa92056a00c2,
        type: 3}
      propertyPath: m_LocalRotation.w
      value: 0.9771894
      objectReference: {fileID: 0}
    - target: {fileID: 2582223010640911870, guid: 543872118e307f24ab8baa92056a00c2,
        type: 3}
      propertyPath: m_LocalRotation.z
      value: 0.9988494
      objectReference: {fileID: 0}
    - target: {fileID: 2582223010640911870, guid: 543872118e307f24ab8baa92056a00c2,
        type: 3}
      propertyPath: m_LocalRotation.w
      value: 0.047958225
      objectReference: {fileID: 0}
    - target: {fileID: 2582223010640911870, guid: 543872118e307f24ab8baa92056a00c2,
        type: 3}
      propertyPath: m_LocalPosition.x
      value: 0.46506706
      objectReference: {fileID: 0}
    - target: {fileID: 2582223010640911870, guid: 543872118e307f24ab8baa92056a00c2,
        type: 3}
      propertyPath: m_LocalPosition.y
      value: -0.032508403
      objectReference: {fileID: 0}
    - target: {fileID: 2582223010972823321, guid: 543872118e307f24ab8baa92056a00c2,
        type: 3}
      propertyPath: m_LocalRotation.z
      value: 0.10843836
      objectReference: {fileID: 0}
    - target: {fileID: 2582223010972823321, guid: 543872118e307f24ab8baa92056a00c2,
        type: 3}
      propertyPath: m_LocalRotation.w
      value: 0.99410325
      objectReference: {fileID: 0}
    - target: {fileID: 2582223010972823321, guid: 543872118e307f24ab8baa92056a00c2,
        type: 3}
      propertyPath: m_LocalRotation.x
      value: 0
      objectReference: {fileID: 0}
    - target: {fileID: 2582223010972823321, guid: 543872118e307f24ab8baa92056a00c2,
        type: 3}
      propertyPath: m_LocalEulerAnglesHint.z
      value: 90.454
      objectReference: {fileID: 0}
    - target: {fileID: 2582223011249735192, guid: 543872118e307f24ab8baa92056a00c2,
        type: 3}
      propertyPath: m_LocalRotation.z
      value: -0.043487284
      objectReference: {fileID: 0}
    - target: {fileID: 2582223011249735192, guid: 543872118e307f24ab8baa92056a00c2,
        type: 3}
      propertyPath: m_LocalRotation.w
      value: 0.999054
      objectReference: {fileID: 0}
    - target: {fileID: 2582223011262416760, guid: 543872118e307f24ab8baa92056a00c2,
        type: 3}
      propertyPath: m_LocalRotation.z
      value: 0.061987698
      objectReference: {fileID: 0}
    - target: {fileID: 2582223011262416760, guid: 543872118e307f24ab8baa92056a00c2,
        type: 3}
      propertyPath: m_LocalRotation.w
      value: 0.998077
      objectReference: {fileID: 0}
    - target: {fileID: 2582223011262416760, guid: 543872118e307f24ab8baa92056a00c2,
        type: 3}
      propertyPath: m_LocalEulerAnglesHint.z
      value: 7.108
      objectReference: {fileID: 0}
    - target: {fileID: 2582223011516630608, guid: 543872118e307f24ab8baa92056a00c2,
        type: 3}
      propertyPath: m_LocalRotation.z
      value: 0.60380137
      objectReference: {fileID: 0}
    - target: {fileID: 2582223011516630608, guid: 543872118e307f24ab8baa92056a00c2,
        type: 3}
      propertyPath: m_LocalRotation.w
      value: 0.79713476
      objectReference: {fileID: 0}
    - target: {fileID: 2582223011516630608, guid: 543872118e307f24ab8baa92056a00c2,
        type: 3}
      propertyPath: m_LocalEulerAnglesHint.z
      value: -285.715
      objectReference: {fileID: 0}
    - target: {fileID: 2582223011571936811, guid: 543872118e307f24ab8baa92056a00c2,
        type: 3}
      propertyPath: m_LocalRotation.z
      value: 0.99439657
      objectReference: {fileID: 0}
    - target: {fileID: 2582223011571936811, guid: 543872118e307f24ab8baa92056a00c2,
        type: 3}
      propertyPath: m_LocalRotation.w
      value: -0.10571442
      objectReference: {fileID: 0}
    - target: {fileID: 2582223011571936811, guid: 543872118e307f24ab8baa92056a00c2,
        type: 3}
      propertyPath: m_LocalPosition.x
      value: 0.5549527
      objectReference: {fileID: 0}
    - target: {fileID: 2582223011571936811, guid: 543872118e307f24ab8baa92056a00c2,
        type: 3}
      propertyPath: m_LocalPosition.y
      value: -0.09993464
      objectReference: {fileID: 0}
    - target: {fileID: 2582223011598008841, guid: 543872118e307f24ab8baa92056a00c2,
        type: 3}
      propertyPath: m_LocalRotation.z
      value: 0.99707085
      objectReference: {fileID: 0}
    - target: {fileID: 2582223011598008841, guid: 543872118e307f24ab8baa92056a00c2,
        type: 3}
      propertyPath: m_LocalRotation.w
      value: 0.07648307
      objectReference: {fileID: 0}
    - target: {fileID: 2582223011621598330, guid: 543872118e307f24ab8baa92056a00c2,
        type: 3}
      propertyPath: m_LocalRotation.z
      value: 0.98110324
      objectReference: {fileID: 0}
    - target: {fileID: 2582223011621598330, guid: 543872118e307f24ab8baa92056a00c2,
        type: 3}
      propertyPath: m_LocalRotation.w
      value: -0.193485
      objectReference: {fileID: 0}
    - target: {fileID: 2582223011729991689, guid: 543872118e307f24ab8baa92056a00c2,
        type: 3}
      propertyPath: isFrozen
      value: 0
      objectReference: {fileID: 0}
    - target: {fileID: 2582223011729991694, guid: 543872118e307f24ab8baa92056a00c2,
        type: 3}
      propertyPath: m_Name
      value: Player (1)
      objectReference: {fileID: 0}
    - target: {fileID: 2582223011729991731, guid: 543872118e307f24ab8baa92056a00c2,
        type: 3}
      propertyPath: m_LocalPosition.x
      value: 0.78
      objectReference: {fileID: 0}
    - target: {fileID: 2582223011729991731, guid: 543872118e307f24ab8baa92056a00c2,
        type: 3}
      propertyPath: m_LocalPosition.y
      value: -0.48
      objectReference: {fileID: 0}
    - target: {fileID: 2582223011729991731, guid: 543872118e307f24ab8baa92056a00c2,
        type: 3}
      propertyPath: m_LocalPosition.z
      value: 0
      objectReference: {fileID: 0}
    - target: {fileID: 2582223011729991731, guid: 543872118e307f24ab8baa92056a00c2,
        type: 3}
      propertyPath: m_LocalRotation.x
      value: 0
      objectReference: {fileID: 0}
    - target: {fileID: 2582223011729991731, guid: 543872118e307f24ab8baa92056a00c2,
        type: 3}
      propertyPath: m_LocalRotation.y
      value: 0
      objectReference: {fileID: 0}
    - target: {fileID: 2582223011729991731, guid: 543872118e307f24ab8baa92056a00c2,
        type: 3}
      propertyPath: m_LocalRotation.z
      value: 0
      objectReference: {fileID: 0}
    - target: {fileID: 2582223011729991731, guid: 543872118e307f24ab8baa92056a00c2,
        type: 3}
      propertyPath: m_LocalRotation.w
      value: 1
      objectReference: {fileID: 0}
    - target: {fileID: 2582223011729991731, guid: 543872118e307f24ab8baa92056a00c2,
        type: 3}
      propertyPath: m_RootOrder
      value: 7
      objectReference: {fileID: 0}
    - target: {fileID: 2582223011729991731, guid: 543872118e307f24ab8baa92056a00c2,
        type: 3}
      propertyPath: m_LocalEulerAnglesHint.x
      value: 0
      objectReference: {fileID: 0}
    - target: {fileID: 2582223011729991731, guid: 543872118e307f24ab8baa92056a00c2,
        type: 3}
      propertyPath: m_LocalEulerAnglesHint.y
      value: 0
      objectReference: {fileID: 0}
    - target: {fileID: 2582223011729991731, guid: 543872118e307f24ab8baa92056a00c2,
        type: 3}
      propertyPath: m_LocalEulerAnglesHint.z
      value: 0
      objectReference: {fileID: 0}
    - target: {fileID: 2582223011729991735, guid: 543872118e307f24ab8baa92056a00c2,
        type: 3}
      propertyPath: m_Bounds.m_Center.x
      value: -0.20074368
      objectReference: {fileID: 0}
    - target: {fileID: 2582223011729991735, guid: 543872118e307f24ab8baa92056a00c2,
        type: 3}
      propertyPath: m_Bounds.m_Extent.x
      value: 0.8192682
      objectReference: {fileID: 0}
    - target: {fileID: 2582223011729991735, guid: 543872118e307f24ab8baa92056a00c2,
        type: 3}
      propertyPath: m_Bounds.m_Extent.y
      value: 3.084247
      objectReference: {fileID: 0}
    - target: {fileID: 2582223011731259978, guid: 543872118e307f24ab8baa92056a00c2,
        type: 3}
      propertyPath: m_LocalRotation.z
      value: 0.0000019595025
      objectReference: {fileID: 0}
    - target: {fileID: 2582223011731259978, guid: 543872118e307f24ab8baa92056a00c2,
        type: 3}
      propertyPath: m_LocalEulerAnglesHint.z
      value: -720
      objectReference: {fileID: 0}
    - target: {fileID: 2582223011731259978, guid: 543872118e307f24ab8baa92056a00c2,
        type: 3}
      propertyPath: m_LocalRotation.w
      value: 1
      objectReference: {fileID: 0}
    - target: {fileID: 2582223011873486160, guid: 543872118e307f24ab8baa92056a00c2,
        type: 3}
      propertyPath: m_LocalPosition.x
      value: -0.9398887
      objectReference: {fileID: 0}
    - target: {fileID: 2582223011873486160, guid: 543872118e307f24ab8baa92056a00c2,
        type: 3}
      propertyPath: m_LocalPosition.y
      value: -0.19696903
      objectReference: {fileID: 0}
    - target: {fileID: 2582223011984805508, guid: 543872118e307f24ab8baa92056a00c2,
        type: 3}
      propertyPath: m_LocalRotation.x
      value: 0
      objectReference: {fileID: 0}
    - target: {fileID: 2582223011984805508, guid: 543872118e307f24ab8baa92056a00c2,
        type: 3}
      propertyPath: m_LocalRotation.y
      value: 0
      objectReference: {fileID: 0}
    - target: {fileID: 2582223011984805508, guid: 543872118e307f24ab8baa92056a00c2,
        type: 3}
      propertyPath: m_LocalRotation.z
      value: 0.71675044
      objectReference: {fileID: 0}
    - target: {fileID: 2582223011984805508, guid: 543872118e307f24ab8baa92056a00c2,
        type: 3}
      propertyPath: m_LocalRotation.w
      value: 0.69732976
      objectReference: {fileID: 0}
    - target: {fileID: 2582223011984805508, guid: 543872118e307f24ab8baa92056a00c2,
        type: 3}
      propertyPath: m_LocalEulerAnglesHint.z
      value: 0
      objectReference: {fileID: 0}
    - target: {fileID: 2582223011984805508, guid: 543872118e307f24ab8baa92056a00c2,
        type: 3}
      propertyPath: m_LocalPosition.x
      value: -0.439804
      objectReference: {fileID: 0}
    - target: {fileID: 2582223011984805508, guid: 543872118e307f24ab8baa92056a00c2,
        type: 3}
      propertyPath: m_LocalPosition.y
      value: -0.46505392
      objectReference: {fileID: 0}
    - target: {fileID: 2582223012212527846, guid: 543872118e307f24ab8baa92056a00c2,
        type: 3}
      propertyPath: m_LocalRotation.z
      value: -0.11755219
      objectReference: {fileID: 0}
    - target: {fileID: 2582223012212527846, guid: 543872118e307f24ab8baa92056a00c2,
        type: 3}
      propertyPath: m_LocalRotation.w
      value: 0.9930667
      objectReference: {fileID: 0}
    m_RemovedComponents: []
  m_SourcePrefab: {fileID: 100100000, guid: 543872118e307f24ab8baa92056a00c2, type: 3}
--- !u!1 &1059038456
GameObject:
  m_ObjectHideFlags: 0
  m_CorrespondingSourceObject: {fileID: 0}
  m_PrefabInstance: {fileID: 0}
  m_PrefabAsset: {fileID: 0}
  serializedVersion: 6
  m_Component:
  - component: {fileID: 1059038457}
  m_Layer: 0
  m_Name: bone_9
  m_TagString: Untagged
  m_Icon: {fileID: 0}
  m_NavMeshLayer: 0
  m_StaticEditorFlags: 0
  m_IsActive: 1
--- !u!4 &1059038457
Transform:
  m_ObjectHideFlags: 0
  m_CorrespondingSourceObject: {fileID: 0}
  m_PrefabInstance: {fileID: 0}
  m_PrefabAsset: {fileID: 0}
  m_GameObject: {fileID: 1059038456}
  m_LocalRotation: {x: -0, y: -0, z: 0.009737457, w: 0.9999527}
  m_LocalPosition: {x: 0.876853, y: 0.011112273, z: 0}
  m_LocalScale: {x: 1, y: 1, z: 1}
  m_Children: []
  m_Father: {fileID: 1268513530}
  m_RootOrder: 0
  m_LocalEulerAnglesHint: {x: 0, y: 0, z: 1.116}
--- !u!1 &1161033626
GameObject:
  m_ObjectHideFlags: 0
  m_CorrespondingSourceObject: {fileID: 0}
  m_PrefabInstance: {fileID: 0}
  m_PrefabAsset: {fileID: 0}
  serializedVersion: 6
  m_Component:
  - component: {fileID: 1161033627}
  m_Layer: 0
  m_Name: bone_4
  m_TagString: Untagged
  m_Icon: {fileID: 0}
  m_NavMeshLayer: 0
  m_StaticEditorFlags: 0
  m_IsActive: 1
--- !u!4 &1161033627
Transform:
  m_ObjectHideFlags: 0
  m_CorrespondingSourceObject: {fileID: 0}
  m_PrefabInstance: {fileID: 0}
  m_PrefabAsset: {fileID: 0}
  m_GameObject: {fileID: 1161033626}
  m_LocalRotation: {x: -0, y: -0, z: 0.05495061, w: 0.99848914}
  m_LocalPosition: {x: 0.1920632, y: 0.021828143, z: 0}
  m_LocalScale: {x: 1, y: 1, z: 1}
  m_Children:
  - {fileID: 316459171}
  m_Father: {fileID: 531418077}
  m_RootOrder: 0
  m_LocalEulerAnglesHint: {x: 0, y: 0, z: 6.3}
--- !u!1 &1171723087
GameObject:
  m_ObjectHideFlags: 0
  m_CorrespondingSourceObject: {fileID: 0}
  m_PrefabInstance: {fileID: 0}
  m_PrefabAsset: {fileID: 0}
  serializedVersion: 6
  m_Component:
  - component: {fileID: 1171723088}
  m_Layer: 0
  m_Name: bone_2
  m_TagString: Untagged
  m_Icon: {fileID: 0}
  m_NavMeshLayer: 0
  m_StaticEditorFlags: 0
  m_IsActive: 1
--- !u!4 &1171723088
Transform:
  m_ObjectHideFlags: 0
  m_CorrespondingSourceObject: {fileID: 0}
  m_PrefabInstance: {fileID: 0}
  m_PrefabAsset: {fileID: 0}
  m_GameObject: {fileID: 1171723087}
  m_LocalRotation: {x: -0, y: -0, z: -0.065502316, w: 0.99785244}
  m_LocalPosition: {x: 0.61048704, y: -0.00000013268165, z: 0}
  m_LocalScale: {x: 1, y: 1, z: 1}
  m_Children:
  - {fileID: 531418077}
  m_Father: {fileID: 1539624691}
  m_RootOrder: 0
  m_LocalEulerAnglesHint: {x: 0, y: 0, z: -7.511}
--- !u!1 &1187637741
GameObject:
  m_ObjectHideFlags: 0
  m_CorrespondingSourceObject: {fileID: 0}
  m_PrefabInstance: {fileID: 0}
  m_PrefabAsset: {fileID: 0}
  serializedVersion: 6
  m_Component:
  - component: {fileID: 1187637742}
  m_Layer: 0
  m_Name: bone_14
  m_TagString: Untagged
  m_Icon: {fileID: 0}
  m_NavMeshLayer: 0
  m_StaticEditorFlags: 0
  m_IsActive: 1
--- !u!4 &1187637742
Transform:
  m_ObjectHideFlags: 0
  m_CorrespondingSourceObject: {fileID: 0}
  m_PrefabInstance: {fileID: 0}
  m_PrefabAsset: {fileID: 0}
  m_GameObject: {fileID: 1187637741}
  m_LocalRotation: {x: -0, y: -0, z: -0.008197761, w: 0.99996644}
  m_LocalPosition: {x: 1.1301734, y: -0.011649583, z: 0}
  m_LocalScale: {x: 1, y: 1, z: 1}
  m_Children:
  - {fileID: 2025621520}
  m_Father: {fileID: 118822146}
  m_RootOrder: 0
  m_LocalEulerAnglesHint: {x: 0, y: 0, z: -0.939}
--- !u!1001 &1192676438
PrefabInstance:
  m_ObjectHideFlags: 0
  serializedVersion: 2
  m_Modification:
    m_TransformParent: {fileID: 0}
    m_Modifications:
    - target: {fileID: 5865217034697119236, guid: 43b3e30264c3bf44097b6e7f6bc17066,
        type: 3}
      propertyPath: m_LocalPosition.x
      value: -1.37
      objectReference: {fileID: 0}
    - target: {fileID: 5865217034697119236, guid: 43b3e30264c3bf44097b6e7f6bc17066,
        type: 3}
      propertyPath: m_LocalPosition.y
      value: 0.56
      objectReference: {fileID: 0}
    - target: {fileID: 5865217034697119236, guid: 43b3e30264c3bf44097b6e7f6bc17066,
        type: 3}
      propertyPath: m_LocalPosition.z
      value: 0
      objectReference: {fileID: 0}
    - target: {fileID: 5865217034697119236, guid: 43b3e30264c3bf44097b6e7f6bc17066,
        type: 3}
      propertyPath: m_LocalRotation.x
      value: -0
      objectReference: {fileID: 0}
    - target: {fileID: 5865217034697119236, guid: 43b3e30264c3bf44097b6e7f6bc17066,
        type: 3}
      propertyPath: m_LocalRotation.y
      value: -0
      objectReference: {fileID: 0}
    - target: {fileID: 5865217034697119236, guid: 43b3e30264c3bf44097b6e7f6bc17066,
        type: 3}
      propertyPath: m_LocalRotation.z
      value: -0
      objectReference: {fileID: 0}
    - target: {fileID: 5865217034697119236, guid: 43b3e30264c3bf44097b6e7f6bc17066,
        type: 3}
      propertyPath: m_LocalRotation.w
      value: 1
      objectReference: {fileID: 0}
    - target: {fileID: 5865217034697119236, guid: 43b3e30264c3bf44097b6e7f6bc17066,
        type: 3}
      propertyPath: m_RootOrder
      value: 2
      objectReference: {fileID: 0}
    - target: {fileID: 5865217034697119236, guid: 43b3e30264c3bf44097b6e7f6bc17066,
        type: 3}
      propertyPath: m_LocalEulerAnglesHint.x
      value: 0
      objectReference: {fileID: 0}
    - target: {fileID: 5865217034697119236, guid: 43b3e30264c3bf44097b6e7f6bc17066,
        type: 3}
      propertyPath: m_LocalEulerAnglesHint.y
      value: 0
      objectReference: {fileID: 0}
    - target: {fileID: 5865217034697119236, guid: 43b3e30264c3bf44097b6e7f6bc17066,
        type: 3}
      propertyPath: m_LocalEulerAnglesHint.z
      value: 0
      objectReference: {fileID: 0}
    - target: {fileID: 5865217034697119238, guid: 43b3e30264c3bf44097b6e7f6bc17066,
        type: 3}
      propertyPath: m_Name
      value: COLLECTABLE_Flowers
      objectReference: {fileID: 0}
    - target: {fileID: 5865217034697119238, guid: 43b3e30264c3bf44097b6e7f6bc17066,
        type: 3}
      propertyPath: m_IsActive
      value: 0
      objectReference: {fileID: 0}
    m_RemovedComponents: []
  m_SourcePrefab: {fileID: 100100000, guid: 43b3e30264c3bf44097b6e7f6bc17066, type: 3}
--- !u!1 &1268513529
GameObject:
  m_ObjectHideFlags: 0
  m_CorrespondingSourceObject: {fileID: 0}
  m_PrefabInstance: {fileID: 0}
  m_PrefabAsset: {fileID: 0}
  serializedVersion: 6
  m_Component:
  - component: {fileID: 1268513530}
  m_Layer: 0
  m_Name: bone_8
  m_TagString: Untagged
  m_Icon: {fileID: 0}
  m_NavMeshLayer: 0
  m_StaticEditorFlags: 0
  m_IsActive: 1
--- !u!4 &1268513530
Transform:
  m_ObjectHideFlags: 0
  m_CorrespondingSourceObject: {fileID: 0}
  m_PrefabInstance: {fileID: 0}
  m_PrefabAsset: {fileID: 0}
  m_GameObject: {fileID: 1268513529}
  m_LocalRotation: {x: -0, y: -0, z: 0.9796786, w: -0.20057431}
  m_LocalPosition: {x: 0.20568264, y: -0.20906337, z: 0}
  m_LocalScale: {x: 1, y: 1, z: 1}
  m_Children:
  - {fileID: 1059038457}
  m_Father: {fileID: 531418077}
  m_RootOrder: 2
  m_LocalEulerAnglesHint: {x: 0, y: 0, z: 203.141}
--- !u!1 &1516987861
GameObject:
  m_ObjectHideFlags: 0
  m_CorrespondingSourceObject: {fileID: 0}
  m_PrefabInstance: {fileID: 0}
  m_PrefabAsset: {fileID: 0}
  serializedVersion: 6
  m_Component:
  - component: {fileID: 1516987864}
  - component: {fileID: 1516987863}
  - component: {fileID: 1516987862}
  - component: {fileID: 1516987865}
  m_Layer: 0
  m_Name: Main Camera
  m_TagString: MainCamera
  m_Icon: {fileID: 0}
  m_NavMeshLayer: 0
  m_StaticEditorFlags: 0
  m_IsActive: 1
--- !u!81 &1516987862
AudioListener:
  m_ObjectHideFlags: 0
  m_CorrespondingSourceObject: {fileID: 0}
  m_PrefabInstance: {fileID: 0}
  m_PrefabAsset: {fileID: 0}
  m_GameObject: {fileID: 1516987861}
  m_Enabled: 1
--- !u!20 &1516987863
Camera:
  m_ObjectHideFlags: 0
  m_CorrespondingSourceObject: {fileID: 0}
  m_PrefabInstance: {fileID: 0}
  m_PrefabAsset: {fileID: 0}
  m_GameObject: {fileID: 1516987861}
  m_Enabled: 1
  serializedVersion: 2
  m_ClearFlags: 1
  m_BackGroundColor: {r: 0.19215687, g: 0.3019608, b: 0.4745098, a: 0}
  m_projectionMatrixMode: 1
  m_GateFitMode: 2
  m_FOVAxisMode: 0
  m_SensorSize: {x: 70.41, y: 52.63}
  m_LensShift: {x: 0, y: 0}
  m_FocalLength: 15
  m_NormalizedViewPortRect:
    serializedVersion: 2
    x: 0
    y: 0
    width: 1
    height: 1
  near clip plane: 0.3
  far clip plane: 1000
  field of view: 120.63225
  orthographic: 1
  orthographic size: 6.54
  m_Depth: -1
  m_CullingMask:
    serializedVersion: 2
    m_Bits: 4294967295
  m_RenderingPath: -1
  m_TargetTexture: {fileID: 0}
  m_TargetDisplay: 0
  m_TargetEye: 3
  m_HDR: 1
  m_AllowMSAA: 1
  m_AllowDynamicResolution: 1
  m_ForceIntoRT: 0
  m_OcclusionCulling: 1
  m_StereoConvergence: 10
  m_StereoSeparation: 0.022
--- !u!4 &1516987864
Transform:
  m_ObjectHideFlags: 0
  m_CorrespondingSourceObject: {fileID: 0}
  m_PrefabInstance: {fileID: 0}
  m_PrefabAsset: {fileID: 0}
  m_GameObject: {fileID: 1516987861}
  m_LocalRotation: {x: 0, y: 0, z: 0, w: 1}
  m_LocalPosition: {x: 0, y: 0, z: -10}
  m_LocalScale: {x: 1, y: 1, z: 1}
  m_Children: []
  m_Father: {fileID: 0}
  m_RootOrder: 3
  m_LocalEulerAnglesHint: {x: 0, y: 0, z: 0}
--- !u!114 &1516987865
MonoBehaviour:
  m_ObjectHideFlags: 0
  m_CorrespondingSourceObject: {fileID: 0}
  m_PrefabInstance: {fileID: 0}
  m_PrefabAsset: {fileID: 0}
  m_GameObject: {fileID: 1516987861}
  m_Enabled: 1
  m_EditorHideFlags: 0
  m_Script: {fileID: 11500000, guid: a79441f348de89743a2939f4d699eac1, type: 3}
  m_Name: 
  m_EditorClassIdentifier: 
  m_RenderShadows: 1
  m_RequiresDepthTextureOption: 2
  m_RequiresOpaqueTextureOption: 2
  m_CameraType: 0
  m_Cameras: []
  m_RendererIndex: -1
  m_VolumeLayerMask:
    serializedVersion: 2
    m_Bits: 1
  m_VolumeTrigger: {fileID: 0}
  m_RenderPostProcessing: 1
  m_Antialiasing: 2
  m_AntialiasingQuality: 2
  m_StopNaN: 0
  m_Dithering: 1
  m_ClearDepth: 1
  m_RequiresDepthTexture: 0
  m_RequiresColorTexture: 0
  m_Version: 2
--- !u!1 &1529578249
GameObject:
  m_ObjectHideFlags: 0
  m_CorrespondingSourceObject: {fileID: 0}
  m_PrefabInstance: {fileID: 0}
  m_PrefabAsset: {fileID: 0}
  serializedVersion: 6
  m_Component:
  - component: {fileID: 1529578250}
  m_Layer: 13
  m_Name: Ground
  m_TagString: Ground
  m_Icon: {fileID: 0}
  m_NavMeshLayer: 0
  m_StaticEditorFlags: 0
  m_IsActive: 1
--- !u!4 &1529578250
Transform:
  m_ObjectHideFlags: 0
  m_CorrespondingSourceObject: {fileID: 0}
  m_PrefabInstance: {fileID: 0}
  m_PrefabAsset: {fileID: 0}
  m_GameObject: {fileID: 1529578249}
  m_LocalRotation: {x: 0, y: 0, z: 0, w: 1}
  m_LocalPosition: {x: 2.2776678, y: -2.7953582, z: -157.5863}
  m_LocalScale: {x: 1, y: 1, z: 1}
  m_Children:
  - {fileID: 14717985}
  m_Father: {fileID: 0}
  m_RootOrder: 14
  m_LocalEulerAnglesHint: {x: 0, y: 0, z: 0}
--- !u!1 &1539624690
GameObject:
  m_ObjectHideFlags: 0
  m_CorrespondingSourceObject: {fileID: 0}
  m_PrefabInstance: {fileID: 0}
  m_PrefabAsset: {fileID: 0}
  serializedVersion: 6
  m_Component:
  - component: {fileID: 1539624691}
  m_Layer: 0
  m_Name: bone_1
  m_TagString: Untagged
  m_Icon: {fileID: 0}
  m_NavMeshLayer: 0
  m_StaticEditorFlags: 0
  m_IsActive: 1
--- !u!4 &1539624691
Transform:
  m_ObjectHideFlags: 0
  m_CorrespondingSourceObject: {fileID: 0}
  m_PrefabInstance: {fileID: 0}
  m_PrefabAsset: {fileID: 0}
  m_GameObject: {fileID: 1539624690}
  m_LocalRotation: {x: -0, y: -0, z: 0.715508, w: 0.69860464}
  m_LocalPosition: {x: -0.380141, y: -0.34872985, z: 0}
  m_LocalScale: {x: 1, y: 1, z: 1}
  m_Children:
  - {fileID: 1171723088}
  - {fileID: 1984066223}
  - {fileID: 465115103}
  m_Father: {fileID: 170224892}
  m_RootOrder: 0
  m_LocalEulerAnglesHint: {x: 0, y: 0, z: 91.37}
--- !u!1001 &1573860366
PrefabInstance:
  m_ObjectHideFlags: 0
  serializedVersion: 2
  m_Modification:
    m_TransformParent: {fileID: 0}
    m_Modifications:
    - target: {fileID: 3772009984806765708, guid: 470c53a281f04a249bf2a7dbba2c6882,
        type: 3}
      propertyPath: m_LocalPosition.x
      value: -1.516182
      objectReference: {fileID: 0}
    - target: {fileID: 3772009984806765708, guid: 470c53a281f04a249bf2a7dbba2c6882,
        type: 3}
      propertyPath: m_LocalPosition.y
      value: -3.0334172
      objectReference: {fileID: 0}
    - target: {fileID: 3772009984806765708, guid: 470c53a281f04a249bf2a7dbba2c6882,
        type: 3}
      propertyPath: m_LocalPosition.z
      value: 0
      objectReference: {fileID: 0}
    - target: {fileID: 3772009984806765708, guid: 470c53a281f04a249bf2a7dbba2c6882,
        type: 3}
      propertyPath: m_LocalRotation.x
      value: -0
      objectReference: {fileID: 0}
    - target: {fileID: 3772009984806765708, guid: 470c53a281f04a249bf2a7dbba2c6882,
        type: 3}
      propertyPath: m_LocalRotation.y
      value: -0
      objectReference: {fileID: 0}
    - target: {fileID: 3772009984806765708, guid: 470c53a281f04a249bf2a7dbba2c6882,
        type: 3}
      propertyPath: m_LocalRotation.z
      value: 0.32787374
      objectReference: {fileID: 0}
    - target: {fileID: 3772009984806765708, guid: 470c53a281f04a249bf2a7dbba2c6882,
        type: 3}
      propertyPath: m_LocalRotation.w
      value: 0.94472164
      objectReference: {fileID: 0}
    - target: {fileID: 3772009984806765708, guid: 470c53a281f04a249bf2a7dbba2c6882,
        type: 3}
      propertyPath: m_RootOrder
      value: 4
      objectReference: {fileID: 0}
    - target: {fileID: 3772009984806765708, guid: 470c53a281f04a249bf2a7dbba2c6882,
        type: 3}
      propertyPath: m_LocalEulerAnglesHint.x
      value: 0
      objectReference: {fileID: 0}
    - target: {fileID: 3772009984806765708, guid: 470c53a281f04a249bf2a7dbba2c6882,
        type: 3}
      propertyPath: m_LocalEulerAnglesHint.y
      value: 0
      objectReference: {fileID: 0}
    - target: {fileID: 3772009984806765708, guid: 470c53a281f04a249bf2a7dbba2c6882,
        type: 3}
      propertyPath: m_LocalEulerAnglesHint.z
      value: 38.28
      objectReference: {fileID: 0}
    - target: {fileID: 3772009984806765710, guid: 470c53a281f04a249bf2a7dbba2c6882,
        type: 3}
      propertyPath: m_Name
      value: COLLECTABLE_Scissors
      objectReference: {fileID: 0}
    - target: {fileID: 3772009984806765710, guid: 470c53a281f04a249bf2a7dbba2c6882,
        type: 3}
      propertyPath: m_IsActive
      value: 0
      objectReference: {fileID: 0}
    m_RemovedComponents: []
  m_SourcePrefab: {fileID: 100100000, guid: 470c53a281f04a249bf2a7dbba2c6882, type: 3}
--- !u!1 &1867656971
GameObject:
  m_ObjectHideFlags: 0
  m_CorrespondingSourceObject: {fileID: 0}
  m_PrefabInstance: {fileID: 0}
  m_PrefabAsset: {fileID: 0}
  serializedVersion: 6
  m_Component:
  - component: {fileID: 1867656973}
  - component: {fileID: 1867656972}
  m_Layer: 0
  m_Name: les_popredi_2
  m_TagString: Untagged
  m_Icon: {fileID: 0}
  m_NavMeshLayer: 0
  m_StaticEditorFlags: 0
  m_IsActive: 0
--- !u!212 &1867656972
SpriteRenderer:
  m_ObjectHideFlags: 0
  m_CorrespondingSourceObject: {fileID: 0}
  m_PrefabInstance: {fileID: 0}
  m_PrefabAsset: {fileID: 0}
  m_GameObject: {fileID: 1867656971}
  m_Enabled: 1
  m_CastShadows: 0
  m_ReceiveShadows: 0
  m_DynamicOccludee: 1
  m_MotionVectors: 1
  m_LightProbeUsage: 1
  m_ReflectionProbeUsage: 1
  m_RayTracingMode: 0
  m_RayTraceProcedural: 0
  m_RenderingLayerMask: 1
  m_RendererPriority: 0
  m_Materials:
  - {fileID: 2100000, guid: a97c105638bdf8b4a8650670310a4cd3, type: 2}
  m_StaticBatchInfo:
    firstSubMesh: 0
    subMeshCount: 0
  m_StaticBatchRoot: {fileID: 0}
  m_ProbeAnchor: {fileID: 0}
  m_LightProbeVolumeOverride: {fileID: 0}
  m_ScaleInLightmap: 1
  m_ReceiveGI: 1
  m_PreserveUVs: 0
  m_IgnoreNormalsForChartDetection: 0
  m_ImportantGI: 0
  m_StitchLightmapSeams: 1
  m_SelectedEditorRenderState: 0
  m_MinimumChartSize: 4
  m_AutoUVMaxDistance: 0.5
  m_AutoUVMaxAngle: 89
  m_LightmapParameters: {fileID: 0}
  m_SortingLayerID: -83336773
  m_SortingLayer: 10
  m_SortingOrder: 0
  m_Sprite: {fileID: 21300000, guid: cc1774ddc8cfe214ab96cd06e289370d, type: 3}
  m_Color: {r: 1, g: 1, b: 1, a: 1}
  m_FlipX: 0
  m_FlipY: 0
  m_DrawMode: 0
  m_Size: {x: 170.0369, y: 89.99999}
  m_AdaptiveModeThreshold: 0.5
  m_SpriteTileMode: 0
  m_WasSpriteAssigned: 1
  m_MaskInteraction: 0
  m_SpriteSortPoint: 0
--- !u!4 &1867656973
Transform:
  m_ObjectHideFlags: 0
  m_CorrespondingSourceObject: {fileID: 0}
  m_PrefabInstance: {fileID: 0}
  m_PrefabAsset: {fileID: 0}
  m_GameObject: {fileID: 1867656971}
  m_LocalRotation: {x: 0, y: 0, z: 0, w: 1}
  m_LocalPosition: {x: 80.64, y: 2.08, z: 0}
  m_LocalScale: {x: 0.4076001, y: 0.4076001, z: 0.4076001}
  m_Children: []
  m_Father: {fileID: 0}
  m_RootOrder: 12
  m_LocalEulerAnglesHint: {x: 0, y: 0, z: 0}
--- !u!1 &1898134966
GameObject:
  m_ObjectHideFlags: 0
  m_CorrespondingSourceObject: {fileID: 0}
  m_PrefabInstance: {fileID: 0}
  m_PrefabAsset: {fileID: 0}
  serializedVersion: 6
  m_Component:
  - component: {fileID: 1898134967}
  m_Layer: 0
  m_Name: bone_7
  m_TagString: Untagged
  m_Icon: {fileID: 0}
  m_NavMeshLayer: 0
  m_StaticEditorFlags: 0
  m_IsActive: 1
--- !u!4 &1898134967
Transform:
  m_ObjectHideFlags: 0
  m_CorrespondingSourceObject: {fileID: 0}
  m_PrefabInstance: {fileID: 0}
  m_PrefabAsset: {fileID: 0}
  m_GameObject: {fileID: 1898134966}
  m_LocalRotation: {x: -0, y: -0, z: 0.14792374, w: 0.98899883}
  m_LocalPosition: {x: 0.92054653, y: 0.0122311115, z: 0}
  m_LocalScale: {x: 1, y: 1, z: 1}
  m_Children:
  - {fileID: 2055445130}
  m_Father: {fileID: 39917621}
  m_RootOrder: 0
  m_LocalEulerAnglesHint: {x: 0, y: 0, z: 17.013}
--- !u!1 &1984066222
GameObject:
  m_ObjectHideFlags: 0
  m_CorrespondingSourceObject: {fileID: 0}
  m_PrefabInstance: {fileID: 0}
  m_PrefabAsset: {fileID: 0}
  serializedVersion: 6
  m_Component:
  - component: {fileID: 1984066223}
  m_Layer: 0
  m_Name: bone_10
  m_TagString: Untagged
  m_Icon: {fileID: 0}
  m_NavMeshLayer: 0
  m_StaticEditorFlags: 0
  m_IsActive: 1
--- !u!4 &1984066223
Transform:
  m_ObjectHideFlags: 0
  m_CorrespondingSourceObject: {fileID: 0}
  m_PrefabInstance: {fileID: 0}
  m_PrefabAsset: {fileID: 0}
  m_GameObject: {fileID: 1984066222}
  m_LocalRotation: {x: -0, y: -0, z: -0.9981964, w: -0.06003326}
  m_LocalPosition: {x: 0.0068811234, y: 0.033778127, z: 0}
  m_LocalScale: {x: 1, y: 1, z: 1}
  m_Children:
  - {fileID: 118822146}
  m_Father: {fileID: 1539624691}
  m_RootOrder: 1
  m_LocalEulerAnglesHint: {x: 0, y: 0, z: -186.883}
--- !u!1001 &1993234939
PrefabInstance:
  m_ObjectHideFlags: 0
  serializedVersion: 2
  m_Modification:
    m_TransformParent: {fileID: 0}
    m_Modifications:
    - target: {fileID: 2232182753509691716, guid: 833886451da7fa84db0d8169cf3c7001,
        type: 3}
      propertyPath: m_LocalPosition.x
      value: 0
      objectReference: {fileID: 0}
    - target: {fileID: 2232182753509691716, guid: 833886451da7fa84db0d8169cf3c7001,
        type: 3}
      propertyPath: m_LocalPosition.y
      value: 0
      objectReference: {fileID: 0}
    - target: {fileID: 2232182753509691716, guid: 833886451da7fa84db0d8169cf3c7001,
        type: 3}
      propertyPath: m_LocalPosition.z
      value: 0
      objectReference: {fileID: 0}
    - target: {fileID: 2232182753509691716, guid: 833886451da7fa84db0d8169cf3c7001,
        type: 3}
      propertyPath: m_LocalRotation.x
      value: 0
      objectReference: {fileID: 0}
    - target: {fileID: 2232182753509691716, guid: 833886451da7fa84db0d8169cf3c7001,
        type: 3}
      propertyPath: m_LocalRotation.y
      value: 0
      objectReference: {fileID: 0}
    - target: {fileID: 2232182753509691716, guid: 833886451da7fa84db0d8169cf3c7001,
        type: 3}
      propertyPath: m_LocalRotation.z
      value: 0
      objectReference: {fileID: 0}
    - target: {fileID: 2232182753509691716, guid: 833886451da7fa84db0d8169cf3c7001,
        type: 3}
      propertyPath: m_LocalRotation.w
      value: 1
      objectReference: {fileID: 0}
    - target: {fileID: 2232182753509691716, guid: 833886451da7fa84db0d8169cf3c7001,
        type: 3}
      propertyPath: m_RootOrder
      value: 6
      objectReference: {fileID: 0}
    - target: {fileID: 2232182753509691716, guid: 833886451da7fa84db0d8169cf3c7001,
        type: 3}
      propertyPath: m_LocalEulerAnglesHint.x
      value: 0
      objectReference: {fileID: 0}
    - target: {fileID: 2232182753509691716, guid: 833886451da7fa84db0d8169cf3c7001,
        type: 3}
      propertyPath: m_LocalEulerAnglesHint.y
      value: 0
      objectReference: {fileID: 0}
    - target: {fileID: 2232182753509691716, guid: 833886451da7fa84db0d8169cf3c7001,
        type: 3}
      propertyPath: m_LocalEulerAnglesHint.z
      value: 0
      objectReference: {fileID: 0}
    - target: {fileID: 2232182753509691716, guid: 833886451da7fa84db0d8169cf3c7001,
        type: 3}
      propertyPath: m_AnchoredPosition.x
      value: 0
      objectReference: {fileID: 0}
    - target: {fileID: 2232182753509691716, guid: 833886451da7fa84db0d8169cf3c7001,
        type: 3}
      propertyPath: m_AnchoredPosition.y
      value: 0
      objectReference: {fileID: 0}
    - target: {fileID: 2232182753509691716, guid: 833886451da7fa84db0d8169cf3c7001,
        type: 3}
      propertyPath: m_SizeDelta.x
      value: 0
      objectReference: {fileID: 0}
    - target: {fileID: 2232182753509691716, guid: 833886451da7fa84db0d8169cf3c7001,
        type: 3}
      propertyPath: m_SizeDelta.y
      value: 0
      objectReference: {fileID: 0}
    - target: {fileID: 2232182753509691716, guid: 833886451da7fa84db0d8169cf3c7001,
        type: 3}
      propertyPath: m_AnchorMin.x
      value: 0
      objectReference: {fileID: 0}
    - target: {fileID: 2232182753509691716, guid: 833886451da7fa84db0d8169cf3c7001,
        type: 3}
      propertyPath: m_AnchorMin.y
      value: 0
      objectReference: {fileID: 0}
    - target: {fileID: 2232182753509691716, guid: 833886451da7fa84db0d8169cf3c7001,
        type: 3}
      propertyPath: m_AnchorMax.x
      value: 0
      objectReference: {fileID: 0}
    - target: {fileID: 2232182753509691716, guid: 833886451da7fa84db0d8169cf3c7001,
        type: 3}
      propertyPath: m_AnchorMax.y
      value: 0
      objectReference: {fileID: 0}
    - target: {fileID: 2232182753509691716, guid: 833886451da7fa84db0d8169cf3c7001,
        type: 3}
      propertyPath: m_Pivot.x
      value: 0
      objectReference: {fileID: 0}
    - target: {fileID: 2232182753509691716, guid: 833886451da7fa84db0d8169cf3c7001,
        type: 3}
      propertyPath: m_Pivot.y
      value: 0
      objectReference: {fileID: 0}
    - target: {fileID: 2232182753509691736, guid: 833886451da7fa84db0d8169cf3c7001,
        type: 3}
      propertyPath: m_Name
      value: CanvasInventory
      objectReference: {fileID: 0}
    - target: {fileID: 2232182753509691736, guid: 833886451da7fa84db0d8169cf3c7001,
        type: 3}
      propertyPath: m_IsActive
      value: 0
      objectReference: {fileID: 0}
    m_RemovedComponents: []
  m_SourcePrefab: {fileID: 100100000, guid: 833886451da7fa84db0d8169cf3c7001, type: 3}
--- !u!1 &2025621519
GameObject:
  m_ObjectHideFlags: 0
  m_CorrespondingSourceObject: {fileID: 0}
  m_PrefabInstance: {fileID: 0}
  m_PrefabAsset: {fileID: 0}
  serializedVersion: 6
  m_Component:
  - component: {fileID: 2025621520}
  m_Layer: 0
  m_Name: bone_15
  m_TagString: Untagged
  m_Icon: {fileID: 0}
  m_NavMeshLayer: 0
  m_StaticEditorFlags: 0
  m_IsActive: 1
--- !u!4 &2025621520
Transform:
  m_ObjectHideFlags: 0
  m_CorrespondingSourceObject: {fileID: 0}
  m_PrefabInstance: {fileID: 0}
  m_PrefabAsset: {fileID: 0}
  m_GameObject: {fileID: 2025621519}
  m_LocalRotation: {x: -0, y: -0, z: -0.7525311, w: -0.6585568}
  m_LocalPosition: {x: 0.19445704, y: -0.00000013145319, z: 0}
  m_LocalScale: {x: 1, y: 1, z: 1}
  m_Children: []
  m_Father: {fileID: 1187637742}
  m_RootOrder: 0
  m_LocalEulerAnglesHint: {x: 0, y: 0, z: 97.62}
--- !u!1 &2038401474
GameObject:
  m_ObjectHideFlags: 0
  m_CorrespondingSourceObject: {fileID: 0}
  m_PrefabInstance: {fileID: 0}
  m_PrefabAsset: {fileID: 0}
  serializedVersion: 6
  m_Component:
  - component: {fileID: 2038401476}
  - component: {fileID: 2038401475}
  m_Layer: 0
  m_Name: les02 (1)
  m_TagString: Untagged
  m_Icon: {fileID: 0}
  m_NavMeshLayer: 0
  m_StaticEditorFlags: 0
  m_IsActive: 0
--- !u!212 &2038401475
SpriteRenderer:
  m_ObjectHideFlags: 0
  m_CorrespondingSourceObject: {fileID: 0}
  m_PrefabInstance: {fileID: 0}
  m_PrefabAsset: {fileID: 0}
  m_GameObject: {fileID: 2038401474}
  m_Enabled: 1
  m_CastShadows: 0
  m_ReceiveShadows: 0
  m_DynamicOccludee: 1
  m_MotionVectors: 1
  m_LightProbeUsage: 1
  m_ReflectionProbeUsage: 1
  m_RayTracingMode: 0
  m_RayTraceProcedural: 0
  m_RenderingLayerMask: 1
  m_RendererPriority: 0
  m_Materials:
  - {fileID: 2100000, guid: a97c105638bdf8b4a8650670310a4cd3, type: 2}
  m_StaticBatchInfo:
    firstSubMesh: 0
    subMeshCount: 0
  m_StaticBatchRoot: {fileID: 0}
  m_ProbeAnchor: {fileID: 0}
  m_LightProbeVolumeOverride: {fileID: 0}
  m_ScaleInLightmap: 1
  m_ReceiveGI: 1
  m_PreserveUVs: 0
  m_IgnoreNormalsForChartDetection: 0
  m_ImportantGI: 0
  m_StitchLightmapSeams: 1
  m_SelectedEditorRenderState: 0
  m_MinimumChartSize: 4
  m_AutoUVMaxDistance: 0.5
  m_AutoUVMaxAngle: 89
  m_LightmapParameters: {fileID: 0}
  m_SortingLayerID: 1955822445
  m_SortingLayer: 4
  m_SortingOrder: 0
  m_Sprite: {fileID: 21300000, guid: 838201b49f2382d449ec4ed0034562af, type: 3}
  m_Color: {r: 1, g: 1, b: 1, a: 1}
  m_FlipX: 0
  m_FlipY: 0
  m_DrawMode: 0
  m_Size: {x: 171.68861, y: 70}
  m_AdaptiveModeThreshold: 0.5
  m_SpriteTileMode: 0
  m_WasSpriteAssigned: 1
  m_MaskInteraction: 0
  m_SpriteSortPoint: 0
--- !u!4 &2038401476
Transform:
  m_ObjectHideFlags: 0
  m_CorrespondingSourceObject: {fileID: 0}
  m_PrefabInstance: {fileID: 0}
  m_PrefabAsset: {fileID: 0}
  m_GameObject: {fileID: 2038401474}
  m_LocalRotation: {x: 0, y: 0, z: 0, w: 1}
  m_LocalPosition: {x: 101.2, y: -1.2, z: 0}
  m_LocalScale: {x: 0.6210811, y: 0.6210811, z: 0.6210811}
  m_Children: []
  m_Father: {fileID: 0}
  m_RootOrder: 13
  m_LocalEulerAnglesHint: {x: 0, y: 0, z: 0}
--- !u!1 &2055445129
GameObject:
  m_ObjectHideFlags: 0
  m_CorrespondingSourceObject: {fileID: 0}
  m_PrefabInstance: {fileID: 0}
  m_PrefabAsset: {fileID: 0}
  serializedVersion: 6
  m_Component:
  - component: {fileID: 2055445130}
  m_Layer: 0
  m_Name: LeftArmTarget
  m_TagString: Untagged
  m_Icon: {fileID: 0}
  m_NavMeshLayer: 0
  m_StaticEditorFlags: 0
  m_IsActive: 1
--- !u!4 &2055445130
Transform:
  m_ObjectHideFlags: 0
  m_CorrespondingSourceObject: {fileID: 0}
  m_PrefabInstance: {fileID: 0}
  m_PrefabAsset: {fileID: 0}
  m_GameObject: {fileID: 2055445129}
  m_LocalRotation: {x: 0, y: 0, z: 0, w: 1}
  m_LocalPosition: {x: 0.934, y: -0.06, z: 0}
  m_LocalScale: {x: 1, y: 1, z: 1}
  m_Children: []
  m_Father: {fileID: 1898134967}
  m_RootOrder: 0
  m_LocalEulerAnglesHint: {x: 0, y: 0, z: 0}
--- !u!1 &2064087350
GameObject:
  m_ObjectHideFlags: 0
  m_CorrespondingSourceObject: {fileID: 0}
  m_PrefabInstance: {fileID: 0}
  m_PrefabAsset: {fileID: 0}
  serializedVersion: 6
  m_Component:
  - component: {fileID: 2064087351}
  m_Layer: 0
  m_Name: bone_16
  m_TagString: Untagged
  m_Icon: {fileID: 0}
  m_NavMeshLayer: 0
  m_StaticEditorFlags: 0
  m_IsActive: 1
--- !u!4 &2064087351
Transform:
  m_ObjectHideFlags: 0
  m_CorrespondingSourceObject: {fileID: 0}
  m_PrefabInstance: {fileID: 0}
  m_PrefabAsset: {fileID: 0}
  m_GameObject: {fileID: 2064087350}
  m_LocalRotation: {x: 0, y: 0, z: 0.054294262, w: 0.998525}
  m_LocalPosition: {x: 1.1421157, y: -0.025852114, z: 0}
  m_LocalScale: {x: 1, y: 1, z: 1}
  m_Children:
  - {fileID: 489588451}
  m_Father: {fileID: 733911144}
  m_RootOrder: 0
  m_LocalEulerAnglesHint: {x: 0, y: 0, z: 0}
--- !u!1001 &2096336655
PrefabInstance:
  m_ObjectHideFlags: 0
  serializedVersion: 2
  m_Modification:
    m_TransformParent: {fileID: 0}
    m_Modifications:
    - target: {fileID: 3640584874602041520, guid: 3fda18e76fff8f54ca942ef8c4004d09,
        type: 3}
      propertyPath: m_LocalPosition.x
      value: 2.17
      objectReference: {fileID: 0}
    - target: {fileID: 3640584874602041520, guid: 3fda18e76fff8f54ca942ef8c4004d09,
        type: 3}
      propertyPath: m_LocalPosition.y
      value: 5.25
      objectReference: {fileID: 0}
    - target: {fileID: 3640584874602041520, guid: 3fda18e76fff8f54ca942ef8c4004d09,
        type: 3}
      propertyPath: m_LocalPosition.z
      value: 0
      objectReference: {fileID: 0}
    - target: {fileID: 3640584874602041520, guid: 3fda18e76fff8f54ca942ef8c4004d09,
        type: 3}
      propertyPath: m_LocalRotation.x
      value: 0
      objectReference: {fileID: 0}
    - target: {fileID: 3640584874602041520, guid: 3fda18e76fff8f54ca942ef8c4004d09,
        type: 3}
      propertyPath: m_LocalRotation.y
      value: 0
      objectReference: {fileID: 0}
    - target: {fileID: 3640584874602041520, guid: 3fda18e76fff8f54ca942ef8c4004d09,
        type: 3}
      propertyPath: m_LocalRotation.z
      value: 0
      objectReference: {fileID: 0}
    - target: {fileID: 3640584874602041520, guid: 3fda18e76fff8f54ca942ef8c4004d09,
        type: 3}
      propertyPath: m_LocalRotation.w
      value: 1
      objectReference: {fileID: 0}
    - target: {fileID: 3640584874602041520, guid: 3fda18e76fff8f54ca942ef8c4004d09,
        type: 3}
      propertyPath: m_RootOrder
      value: 5
      objectReference: {fileID: 0}
    - target: {fileID: 3640584874602041520, guid: 3fda18e76fff8f54ca942ef8c4004d09,
        type: 3}
      propertyPath: m_LocalEulerAnglesHint.x
      value: 0
      objectReference: {fileID: 0}
    - target: {fileID: 3640584874602041520, guid: 3fda18e76fff8f54ca942ef8c4004d09,
        type: 3}
      propertyPath: m_LocalEulerAnglesHint.y
      value: 0
      objectReference: {fileID: 0}
    - target: {fileID: 3640584874602041520, guid: 3fda18e76fff8f54ca942ef8c4004d09,
        type: 3}
      propertyPath: m_LocalEulerAnglesHint.z
      value: 0
      objectReference: {fileID: 0}
    - target: {fileID: 3640584874602041522, guid: 3fda18e76fff8f54ca942ef8c4004d09,
        type: 3}
      propertyPath: m_Name
      value: COLLECTABLE_Rope
      objectReference: {fileID: 0}
    - target: {fileID: 3640584874602041522, guid: 3fda18e76fff8f54ca942ef8c4004d09,
        type: 3}
      propertyPath: m_IsActive
      value: 0
      objectReference: {fileID: 0}
    m_RemovedComponents: []
  m_SourcePrefab: {fileID: 100100000, guid: 3fda18e76fff8f54ca942ef8c4004d09, type: 3}
